# HEPML Papers

%July 9
@article{1806025,
    author = "Kasieczka, Gregor and Marzani, Simone and Soyez, Gregory and Stagnitto, Giovanni",
    title = "{Towards Machine Learning Analytics for Jet Substructure}",
    eprint = "2007.04319",
    archivePrefix = "arXiv",
    primaryClass = "hep-ph",
    reportNumber = "TIF-UNIMI-2020-12",
    month = "7",
    year = "2020"
}
@article{1806026,
    author = "Kronheim, Braden and Kuchera, Michelle and Prosper, Harrison and Karbo, Alexander",
    title = "{Bayesian Neural Networks for Fast SUSY Predictions}",
    eprint = "2007.04506",
    archivePrefix = "arXiv",
    primaryClass = "hep-ph",
    month = "7",
    year = "2020"
}

%July 7
@article{1805474,
    author = "Koh, Dae Heun and de Soux, Pierre Cote and Domine, Laura and Drielsma, François and Itay, Ran and Lin, Qing and Terao, Kazuhiro and Tsang, Ka Vang and Usher, Tracy",
    collaboration = "DeepLearnPhysics",
    title = "{Scalable, Proposal-free Instance Segmentation Network for 3D Pixel Clustering and Particle Trajectory Reconstruction in Liquid Argon Time Projection Chambers}",
    eprint = "2007.03083",
    archivePrefix = "arXiv",
    primaryClass = "hep-ex",
    month = "7",
    year = "2020"
}

%July 6
@article{Akar:2020jti,
    author = "Akar, Simon and Boettcher, Thomas J. and Carl, Sarah and Schreiner, Henry F. and Sokoloff, Michael D. and Stahl, Marian and Weisser, Constantin and Williams, Mike",
    title = "{An updated hybrid deep learning algorithm for identifying and locating primary vertices}",
    eprint = "2007.01023",
    archivePrefix = "arXiv",
    primaryClass = "physics.ins-det",
    month = "7",
    year = "2020"
}
@article{Cheng:2020dal,
    author = "Cheng, Taoli and Arguin, Jean-François and Leissner-Martin, Julien and Pilette, Jacinthe and Golling, Tobias",
    title = "{Variational Autoencoders for Anomalous Jet Tagging}",
    eprint = "2007.01850",
    archivePrefix = "arXiv",
    primaryClass = "hep-ph",
    month = "7",
    year = "2020"
}

%June 30
@article{1804325,
    author = "Buckley, Andy and Kvellestad, Anders and Raklev, Are and Scott, Pat and Sparre, Jon Vegard and Abeele, Jeriek Van den and Vazquez-Holm, Ingrid A.",
    title = "{$\textsf{Xsec}$: the cross-section evaluation code}",
    eprint = "2006.16273",
    archivePrefix = "arXiv",
    primaryClass = "hep-ph",
    reportNumber = "SAGEX-20-17-E",
    month = "6",
    year = "2020"
}

%June 28
@article{Domine:2020tlx,
    author = "Domin{\'e}, Laura and Terao, Kazuhiro",
    title = "{Point Proposal Network for Reconstructing 3D Particle Positions with Sub-Pixel Precision in Liquid Argon Time Projection Chambers}",
    eprint = "2006.14745",
    archivePrefix = "arXiv",
    primaryClass = "hep-ex",
    month = "6",
    year = "2020"
}

%June 23
@article{Sirunyan:2020hwz,
    author = "Sirunyan, Albert M and others",
    collaboration = "CMS",
    title = "{Inclusive search for highly boosted Higgs bosons decaying to bottom quark-antiquark pairs in proton-proton collisions at $\sqrt{s} = 13$ TeV}",
    eprint = "2006.13251",
    archivePrefix = "arXiv",
    primaryClass = "hep-ex",
    reportNumber = "CMS-HIG-19-003, CERN-EP-2020-107",
    month = "6",
    year = "2020"
}

%June 16
@article{1801423,
    author = "Bernreuther, Elias and Finke, Thorben and Kahlhoefer, Felix and Kr{\"a}mer, Michael and M{\"u}ck, Alexander",
    title = "{Casting a graph net to catch dark showers}",
    eprint = "2006.08639",
    archivePrefix = "arXiv",
    primaryClass = "hep-ph",
    reportNumber = "TTK-20-17, P3H-20-025",
    month = "6",
    year = "2020"
}

%June 14
@article{1800956,
    author = "Bellagente, Marco and Butter, Anja and Kasieczka, Gregor and Plehn, Tilman and Rousselot, Armand and Winterhalder, Ramon",
    title = "{Invertible Networks or Partons to Detector and Back Again}",
    eprint = "2006.06685",
    archivePrefix = "arXiv",
    primaryClass = "hep-ph",
    month = "6",
    year = "2020"
}

%June 10
@article{1800445,
    author = "Romao, M. Crispim and Castro, N.F. and Pedro, R.",
    title = "{Finding New Physics without learning about it: Anomaly Detection as a tool for Searches at Colliders}",
    eprint = "2006.05432",
    archivePrefix = "arXiv",
    primaryClass = "hep-ph",
    month = "6",
    year = "2020"
}

%June 4
@article{Adams:2020vlj,
    author = "Adams, Corey and Terao, Kazuhiro and Wongjirad, Taritree",
    title = "{PILArNet: Public Dataset for Particle Imaging Liquid Argon Detectors in High Energy Physics}",
    eprint = "2006.01993",
    archivePrefix = "arXiv",
    primaryClass = "physics.ins-det",
    month = "6",
    year = "2020"
}

@article{Lei:2020ucb,
    author = "Lei, Ying-Ke and Liu, Chun and Chen, Zhiqiang",
    title = "{Numerical analysis of neutrino physics within a high scale supersymmetry model via machine learning}",
    eprint = "2006.01495",
    archivePrefix = "arXiv",
    primaryClass = "hep-ph",
    month = "6",
    year = "2020"
}

%May 26
@article{1797846,
    author = "Dillon, Barry M. and Faroughy, Darius A. and Kamenik, Jernej F. and Szewc, Manuel",
    title = "{Learning the latent structure of collider events}",
    eprint = "2005.12319",
    archivePrefix = "arXiv",
    primaryClass = "hep-ph",
    month = "5",
    year = "2020"
}

%May 24
@article{1797439,
    author = "Abdughani, Murat and Wang, Daohan and Wu, Lei and Yang, Jin Min and Zhao, Jun",
    title = "{Probing triple Higgs coupling with machine learning at the LHC}",
    eprint = "2005.11086",
    archivePrefix = "arXiv",
    primaryClass = "hep-ph",
    month = "5",
    year = "2020"
}

% May 12, 2020
@article{buhmann2020getting,
    title="{Getting High: High Fidelity Simulation of High Granularity Calorimeters with High Speed}",
    author={Erik Buhmann and Sascha Diefenbacher and Engin Eren and Frank Gaede and Gregor Kasieczka and Anatolii Korol and Katja Kruger},
    year={2020},
    eprint="2005.05334",
    archivePrefix={arXiv},
    primaryClass={physics.ins-det}
}

% May 7, 2020
@article{collaboration2020dijet,
    title="{Dijet resonance search with weak supervision using 13 TeV pp collisions in the ATLAS detector}",
    author={ATLAS Collaboration},
    year={2020},
    eprint="2005.02983",
    archivePrefix={arXiv},
    primaryClass={hep-ex}
}

%May 6
@article{bielkov2020identifying,
    title="{Identifying Heavy-Flavor Jets Using Vectors of Locally Aggregated Descriptors}",
    author={Jana Bielcikoaá and Raghav Kunnawalkam Elayavalli and Georgy Ponimatkin and Jörn H. Putschke and Josef Sivic},
    year={2020},
    eprint="2005.01842",
    archivePrefix={arXiv},
    primaryClass={hep-ph}
}

%May 5
@article{knapp2020adversarially,
    title="{Adversarially Learned Anomaly Detection on CMS Open Data: re-discovering the top quark}",
    author={Oliver Knapp and Guenther Dissertori and Olmo Cerri and Thong Q. Nguyen and Jean-Roch Vlimant and Maurizio Pierini},
    year={2020},
    eprint="2005.01598",
    archivePrefix={arXiv},
    primaryClass={hep-ex}
}
@article{clavijo2020adversarial,
    title="{Adversarial domain adaptation to reduce sample bias of a high energy physics classifier}",
    author={Jose M. Clavijo and Paul Glaysher and Judith M. Katzy},
    year={2020},
    eprint="2005.00568",
    archivePrefix={arXiv},
    primaryClass={stat.ML}
}

%April 26
@article{Aiello:2020orq,
    author = "Aiello, Sebastiano and others",
    archivePrefix = "arXiv",
    collaboration = "KM3NeT",
    eprint = "2004.08254",
    month = "4",
    primaryClass = "astro-ph.IM",
    title = "{Event reconstruction for KM3NeT/ORCA using convolutional neural networks}",
    year = "2020"
}

% April 22, 2020
@article{1792136,
    author = "Alimena, Juliette and Iiyama, Yutaro and Kieseler, Jan",
    archivePrefix = "arXiv",
    eprint = "2004.10744",
    month = "4",
    primaryClass = "hep-ex",
    title = "{Fast convolutional neural networks for identifying long-lived particles in a high-granularity calorimeter}",
    year = "2020"
}

% April 21, 2020
@article{Romao:2020ojy,
    author = "Romao, M. Crispim and Castro, N.F. and Milhano, J.G. and Pedro, R. and Vale, T.",
    archivePrefix = "arXiv",
    eprint = "2004.09360",
    month = "4",
    primaryClass = "hep-ph",
    title = "{Use of a Generalized Energy Mover's Distance in the Search for Rare Phenomena at Colliders}",
    year = "2020"
}

%Feb 27 2020
@article{Amram:2020ykb,
    author = "Amram, Oz and Suarez, Cristina Mantilla",
    title = "{Tag N' Train: A Technique to Train Improved Classifiers on Unlabeled Data}",
    eprint = "2002.12376",
    archivePrefix = "arXiv",
    primaryClass = "hep-ph",
    month = "2",
    year = "2020"
}

% Added many on April 20, 2020
@article{Dolen:2016kst,
      author         = "Dolen, James and Harris, Philip and Marzani, Simone and
                        Rappoccio, Salvatore and Tran, Nhan",
      title          = "{Thinking outside the ROCs: Designing Decorrelated Taggers (DDT) for jet substructure}",
      journal        = "JHEP",
      volume         = "05",
      year           = "2016",
      pages          = "156",
      doi            = "10.1007/JHEP05(2016)156",
      eprint         = "1603.00027",
      archivePrefix  = "arXiv",
      primaryClass   = "hep-ph",
      reportNumber   = "FERMILAB-PUB-16-046-PPD",
      SLACcitation   = "%%CITATION = ARXIV:1603.00027;%%"
}
@article{Moult:2017okx,
	Archiveprefix = {arXiv},
	Author = {Moult, Ian and Nachman, Benjamin and Neill, Duff},
	Doi = {10.1007/JHEP05(2018)002},
	Eprint = {1710.06859},
	Journal = {JHEP},
	Pages = {002},
	Primaryclass = {hep-ph},
	Slaccitation = {%%CITATION = ARXIV:1710.06859;%%},
	title = "{Convolved Substructure: Analytically Decorrelating Jet Substructure Observables}",
	Volume = {05},
	Year = {2018},
	Bdsk-Url-1 = {http://dx.doi.org/10.1007/JHEP05(2018)002}}
@article{Sirunyan:2019wwa,
    author = "Sirunyan, Albert M and others",
    collaboration = "CMS",
    title = "{A deep neural network for simultaneous estimation of b jet energy and resolution}",
    eprint = "1912.06046",
    archivePrefix = "arXiv",
    primaryClass = "hep-ex",
    reportNumber = "CMS-HIG-18-027, CERN-EP-2019-261",
    month = "12",
    year = "2019"
}
@article{Bradshaw:2019ipy,
      author         = "Bradshaw, Layne and Mishra, Rashmish K. and Mitridate,
                        Andrea and Ostdiek, Bryan",
      title          = "{Mass Agnostic Jet Taggers}",
      year           = "2019",
      eprint         = "1908.08959",
      archivePrefix  = "arXiv",
      primaryClass   = "hep-ph",
      SLACcitation   = "%%CITATION = ARXIV:1908.08959;%%"
}
@article{ATL-PHYS-PUB-2018-014,
      title         = "{Performance of mass-decorrelated jet substructure
                       observables for hadronic two-body decay tagging in ATLAS}",
      institution   = "CERN",
      collaboration = "ATLAS",
      address       = "Geneva",
      journal        = "ATL-PHYS-PUB-2018-014",
      year          = "2018",
      reportNumber  = "ATL-PHYS-PUB-2018-014",
      url           = "http://cds.cern.ch/record/2630973",
}
@article{DiscoFever,
      author         = "Kasieczka, Gregor and Shih, David",
      title          = "{DisCo Fever: Robust Networks Through Distance Correlation}",
      year           = "2020",
      eprint         = "2001.05310",
      archivePrefix  = "arXiv",
      primaryClass   = "hep-ph",
      SLACcitation   = "%%CITATION = ARXIV:2001.05310;%%"
}
@article{Xia:2018kgd,
      author         = "Xia, Li-Gang",
      title          = "{QBDT, a new boosting decision tree method with systematical uncertainties into training for High Energy Physics}",
      journal        = "Nucl. Instrum. Meth.",
      volume         = "A930",
      year           = "2019",
      pages          = "15-26",
      doi            = "10.1016/j.nima.2019.03.088",
      eprint         = "1810.08387",
      archivePrefix  = "arXiv",
      primaryClass   = "physics.data-an",
      SLACcitation   = "%%CITATION = ARXIV:1810.08387;%%"
}
@article{Englert:2018cfo,
      author         = "Englert, Christoph and Galler, Peter and Harris, Philip
                        and Spannowsky, Michael",
      title          = "{Machine Learning Uncertainties with Adversarial Neural Networks}",
      journal        = "Eur. Phys. J.",
      volume         = "C79",
      year           = "2019",
      number         = "1",
      pages          = "4",
      doi            = "10.1140/epjc/s10052-018-6511-8",
      eprint         = "1807.08763",
      archivePrefix  = "arXiv",
      primaryClass   = "hep-ph",
      reportNumber   = "IPPP/18/61",
      SLACcitation   = "%%CITATION = ARXIV:1807.08763;%%"
}
@article{Goodfellow:2014upx,
      author         = "Goodfellow, Ian J. and Pouget-Abadie, Jean and Mirza,
                        Mehdi and Xu, Bing and Warde-Farley, David and Ozair,
                        Sherjil and Courville, Aaron and Bengio, Yoshua",
      title          = "{Generative Adversarial Networks}",
      year           = "2014",
      eprint         = "1406.2661",
      archivePrefix  = "arXiv",
      primaryClass   = "stat.ML",
      SLACcitation   = "%%CITATION = ARXIV:1406.2661;%%"
}
@article{Wunsch:2019qbo,
      author         = "Wunsch, Stefan and J\'{o}rger, Simon and Wolf, Roger and
                        Quast, Gunter",
      title          = "{Reducing the dependence of the neural network function to systematic uncertainties in the input space}",
      year           = "2019",
      eprint         = "1907.11674",
      archivePrefix  = "arXiv",
      primaryClass   = "physics.data-an",
      SLACcitation   = "%%CITATION = ARXIV:1907.11674;%%"
}
@article{Nguyen:2018ugw,
    author = "Nguyen, Thong Q. and Weitekamp, Daniel and Anderson, Dustin and Castello, Roberto and Cerri, Olmo and Pierini, Maurizio and Spiropulu, Maria and Vlimant, Jean-Roch",
    title = "{Topology classification with deep learning to improve real-time event selection at the LHC}",
    eprint = "1807.00083",
    archivePrefix = "arXiv",
    primaryClass = "hep-ex",
    doi = "10.1007/s41781-019-0028-1",
    journal = "Comput. Softw. Big Sci.",
    volume = "3",
    number = "1",
    pages = "12",
    year = "2019"
}
@article{Paganini:2017dwg,
      author         = "Paganini, Michela and de Oliveira, Luke and Nachman,
                        Benjamin",
      title          = "{CaloGAN : Simulating 3D high energy particle showers in multilayer electromagnetic calorimeters with generative adversarial networks}",
      journal        = "Phys. Rev.",
      volume         = "D97",
      year           = "2018",
      number         = "1",
      pages          = "014021",
      doi            = "10.1103/PhysRevD.97.014021",
      eprint         = "1712.10321",
      archivePrefix  = "arXiv",
      primaryClass   = "hep-ex",
      SLACcitation   = "%%CITATION = ARXIV:1712.10321;%%"
}
@article{Butter:2019eyo,
      author         = "Butter, Anja and Plehn, Tilman and Winterhalder, Ramon",
      title          = "{How to GAN Event Subtraction}",
      year           = "2019",
      eprint         = "1912.08824",
      archivePrefix  = "arXiv",
      primaryClass   = "hep-ph",
      SLACcitation   = "%%CITATION = ARXIV:1912.08824;%%"
}
@inproceedings{Martinez:2019jlu,
      author         = "Arjona Martinez, Jesus and Nguyen, Thong Q. and
                        Pierini, Maurizio and Spiropulu, Maria and Vlimant,
                        Jean-Roch",
      title          = "{Particle Generative Adversarial Networks for full-event simulation at the LHC and their application to pileup description}",
      journal      = "{19th International Workshop on Advanced Computing and
                        Analysis Techniques in Physics Research: Empowering the
                        revolution: Bringing Machine Learning to High Performance
                        Computing (ACAT 2019) Saas-Fee, Switzerland, March 11-15,
                        2019}",
      year           = "2019",
      eprint         = "1912.02748",
      archivePrefix  = "arXiv",
      primaryClass   = "hep-ex",
      SLACcitation   = "%%CITATION = ARXIV:1912.02748;%%"
}
@article{Bellagente:2019uyp,
      author         = "Bellagente, Marco and Butter, Anja and Kasieczka, Gregor
                        and Plehn, Tilman and Winterhalder, Ramon",
      title          = "{How to GAN away Detector Effects}",
      year           = "2019",
      eprint         = "1912.00477",
      archivePrefix  = "arXiv",
      primaryClass   = "hep-ph",
      SLACcitation   = "%%CITATION = ARXIV:1912.00477;%%"
}
@article{Vallecorsa:2019ked,
      author         = "Vallecorsa, Sofia and Carminati, Federico and Khattak,
                        Gulrukh",
      title          = "{3D convolutional GAN for fast simulation}",
      journal      = "{Proceedings, 23rd International Conference on Computing
                        in High Energy and Nuclear Physics (CHEP 2018): Sofia,
                        Bulgaria, July 9-13, 2018}",
      journal        = "EPJ Web Conf.",
      volume         = "214",
      year           = "2019",
      pages          = "02010",
      doi            = "10.1051/epjconf/201921402010",
      SLACcitation   = "%%CITATION = 00776,214,02010;%%"
}
@article{SHiP:2019gcl,
      author         = "Ahdida, C. and others",
      title          = "{Fast simulation of muons produced at the SHiP experiment using Generative Adversarial Networks}",
      collaboration  = "SHiP",
      year           = "2019",
      eprint         = "1909.04451",
      archivePrefix  = "arXiv",
      primaryClass   = "physics.ins-det",
      SLACcitation   = "%%CITATION = ARXIV:1909.04451;%%"
}
@article{Carrazza:2019cnt,
      author         = "Carrazza, Stefano and Dreyer, Frédéric A.",
      title          = "{Lund jet images from generative and cycle-consistent adversarial networks}",
      journal        = "Eur. Phys. J.",
      volume         = "C79",
      year           = "2019",
      number         = "11",
      pages          = "979",
      doi            = "10.1140/epjc/s10052-019-7501-1",
      eprint         = "1909.01359",
      archivePrefix  = "arXiv",
      primaryClass   = "hep-ph",
      reportNumber   = "OUTP-19-09P, TIF-UNIMI-2019-14",
      SLACcitation   = "%%CITATION = ARXIV:1909.01359;%%"
}
@article{Butter:2019cae,
      author         = "Butter, Anja and Plehn, Tilman and Winterhalder, Ramon",
      title          = "{How to GAN LHC Events}",
      journal        = "SciPost Phys.",
      volume         = "7",
      year           = "2019",
      pages          = "075",
      doi            = "10.21468/SciPostPhys.7.6.075",
      eprint         = "1907.03764",
      archivePrefix  = "arXiv",
      primaryClass   = "hep-ph",
      SLACcitation   = "%%CITATION = ARXIV:1907.03764;%%"
}
@article{Lin:2019htn,
      author         = "Lin, Joshua and Bhimji, Wahid and Nachman, Benjamin",
      title          = "{Machine Learning Templates for QCD Factorization in the Search for Physics Beyond the Standard Model}",
      journal        = "JHEP",
      volume         = "05",
      year           = "2019",
      pages          = "181",
      doi            = "10.1007/JHEP05(2019)181",
      eprint         = "1903.02556",
      archivePrefix  = "arXiv",
      primaryClass   = "hep-ph",
      SLACcitation   = "%%CITATION = ARXIV:1903.02556;%%"
}
@article{Hashemi:2019fkn,
      author         = "Hashemi, Bobak and Amin, Nick and Datta, Kaustuv and
                        Olivito, Dominick and Pierini, Maurizio",
      title          = "{LHC analysis-specific datasets with Generative Adversarial Networks}",
      year           = "2019",
      eprint         = "1901.05282",
      archivePrefix  = "arXiv",
      primaryClass   = "hep-ex",
      SLACcitation   = "%%CITATION = ARXIV:1901.05282;%%"
}
@inproceedings{Chekalina:2018hxi,
      author         = "Chekalina, Viktoria and Orlova, Elena and Ratnikov, Fedor
                        and Ulyanov, Dmitry and Ustyuzhanin, Andrey and Zakharov,
                        Egor",
      title          = "{Generative Models for Fast Calorimeter Simulation.LHCb case}",
      journal      = "{23rd International Conference on Computing in High
                        Energy and Nuclear Physics (CHEP 2018) Sofia, Bulgaria,
                        July 9-13, 2018}",
      year           = "2018",
      eprint         = "1812.01319",
      archivePrefix  = "arXiv",
      primaryClass   = "physics.data-an",
      SLACcitation   = "%%CITATION = ARXIV:1812.01319;%%"
}
@article{ATL-SOFT-PUB-2018-001,
      title         = "{Deep generative models for fast shower simulation in ATLAS}",
      institution   = "CERN",
      collaboration = "ATLAS",
      address       = "Geneva",
      journal        = "ATL-SOFT-PUB-2018-001",
      month         = "Jul",
      year          = "2018",
      reportNumber  = "ATL-SOFT-PUB-2018-001",
      url           = "http://cds.cern.ch/record/2630433",
}
@article{Zhou:2018ill,
      author         = "Zhou, Kai and Endrodi, Gergely and Pang, Long-Gang and
                        Stocker, Horst",
      title          = "{Regressive and generative neural networks for scalar field theory}",
      journal        = "Phys. Rev.",
      volume         = "D100",
      year           = "2019",
      number         = "1",
      pages          = "011501",
      doi            = "10.1103/PhysRevD.100.011501",
      eprint         = "1810.12879",
      archivePrefix  = "arXiv",
      primaryClass   = "hep-lat",
      SLACcitation   = "%%CITATION = ARXIV:1810.12879;%%"
}
@article{Carminati:2018khv,
      author         = "Carminati, F. and Gheata, A. and Khattak, G. and Mendez
                        Lorenzo, P. and Sharan, S. and Vallecorsa, S.",
      title          = "{Three dimensional Generative Adversarial Networks for fast simulation}",
      journal      = "{Proceedings, 18th International Workshop on Advanced
                        Computing and Analysis Techniques in Physics Research
                        (ACAT 2017): Seattle, WA, USA, August 21-25, 2017}",
      journal        = "J. Phys. Conf. Ser.",
      volume         = "1085",
      year           = "2018",
      number         = "3",
      pages          = "032016",
      doi            = "10.1088/1742-6596/1085/3/032016",
      SLACcitation   = "%%CITATION = 00462,1085,032016;%%"
}
@article{Vallecorsa:2018zco,
      author         = "Vallecorsa, S.",
      title          = "{Generative models for fast simulation}",
      journal      = "{Proceedings, 18th International Workshop on Advanced
                        Computing and Analysis Techniques in Physics Research
                        (ACAT 2017): Seattle, WA, USA, August 21-25, 2017}",
      journal        = "J. Phys. Conf. Ser.",
      volume         = "1085",
      year           = "2018",
      number         = "2",
      pages          = "022005",
      doi            = "10.1088/1742-6596/1085/2/022005",
      SLACcitation   = "%%CITATION = 00462,1085,022005;%%"
}
@article{Datta:2018mwd,
      author         = "Datta, Kaustuv and Kar, Deepak and Roy, Debarati",
      title          = "{Unfolding with Generative Adversarial Networks}",
      year           = "2018",
      eprint         = "1806.00433",
      archivePrefix  = "arXiv",
      primaryClass   = "physics.data-an",
      SLACcitation   = "%%CITATION = ARXIV:1806.00433;%%"
}
@article{Musella:2018rdi,
      author         = "Musella, Pasquale and Pandolfi, Francesco",
      title          = "{Fast and Accurate Simulation of Particle Detectors Using Generative Adversarial Networks}",
      journal        = "Comput. Softw. Big Sci.",
      volume         = "2",
      year           = "2018",
      number         = "1",
      pages          = "8",
      doi            = "10.1007/s41781-018-0015-y",
      eprint         = "1805.00850",
      archivePrefix  = "arXiv",
      primaryClass   = "hep-ex",
      SLACcitation   = "%%CITATION = ARXIV:1805.00850;%%"
}
@article{Deja:2019vcv,
      author         = "Deja, Kamil and Trzcinski, Tomasz and Graczykowski,
                        ?ukasz",
      title          = "{Generative models for fast cluster simulations in the TPC for the ALICE experiment}",
      journal      = "{Proceedings, 23rd International Conference on Computing
                        in High Energy and Nuclear Physics (CHEP 2018): Sofia,
                        Bulgaria, July 9-13, 2018}",
      journal        = "EPJ Web Conf.",
      volume         = "214",
      year           = "2019",
      pages          = "06003",
      doi            = "10.1051/epjconf/201921406003",
      SLACcitation   = "%%CITATION = 00776,214,06003;%%"
}
@inproceedings{Derkach:2019qfk,
      author         = "Derkach, Denis and Kazeev, Nikita and Ratnikov, Fedor and
                        Ustyuzhanin, Andrey and Volokhova, Alexandra",
      title          = "{Cherenkov Detectors Fast Simulation Using Neural Networks}",
      journal      = "{10th International Workshop on Ring Imaging Cherenkov
                        Detectors (RICH 2018) Moscow, Russia, July 29-August 4,
                        2018}",
      year           = "2019",
      doi            = "10.1016/j.nima.2019.01.031",
      eprint         = "1903.11788",
      archivePrefix  = "arXiv",
      primaryClass   = "hep-ex",
      SLACcitation   = "%%CITATION = ARXIV:1903.11788;%%"
}
@article{Erbin:2018csv,
      author         = "Erbin, Harold and Krippendorf, Sven",
      title          = "{GANs for generating EFT models}",
      year           = "2018",
      eprint         = "1809.02612",
      archivePrefix  = "arXiv",
      primaryClass   = "cs.LG",
      reportNumber   = "LMU-ASC 58/18",
      SLACcitation   = "%%CITATION = ARXIV:1809.02612;%%"
}
@article{Erdmann:2018jxd,
      author         = "Erdmann, Martin and Glombitza, Jonas and Quast, Thorben",
      title          = "{Precise simulation of electromagnetic calorimeter showers using a Wasserstein Generative Adversarial Network}",
      journal        = "Comput. Softw. Big Sci.",
      volume         = "3",
      year           = "2019",
      number         = "1",
      pages          = "4",
      doi            = "10.1007/s41781-018-0019-7",
      eprint         = "1807.01954",
      archivePrefix  = "arXiv",
      primaryClass   = "physics.ins-det",
      SLACcitation   = "%%CITATION = ARXIV:1807.01954;%%"
}
@article{Urban:2018tqv,
      author         = "Urban, Julian M. and Pawlowski, Jan M.",
      title          = "{Reducing Autocorrelation Times in Lattice Simulations with Generative Adversarial Networks}",
      year           = "2018",
      eprint         = "1811.03533",
      archivePrefix  = "arXiv",
      primaryClass   = "hep-lat",
      SLACcitation   = "%%CITATION = ARXIV:1811.03533;%%"
}
@article{Erdmann:2018kuh,
      author         = "Erdmann, Martin and Geiger, Lukas and Glombitza, Jonas
                        and Schmidt, David",
      title          = "{Generating and refining particle detector simulations using the Wasserstein distance in adversarial networks}",
      journal        = "Comput. Softw. Big Sci.",
      volume         = "2",
      year           = "2018",
      number         = "1",
      pages          = "4",
      doi            = "10.1007/s41781-018-0008-x",
      eprint         = "1802.03325",
      archivePrefix  = "arXiv",
      primaryClass   = "astro-ph.IM",
      SLACcitation   = "%%CITATION = ARXIV:1802.03325;%%"
}
@article{Monk:2018zsb,
	Archiveprefix = {arXiv},
	Author = {Monk, James William},
	eprint = {1807.03685},
	Primaryclass = {hep-ph},
	Slaccitation = {%%CITATION = ARXIV:1807.03685;%%},
	title = "{Deep Learning as a Parton Shower}",
	Year = {2018}}
@article{Andreassen:2018apy,
	Archiveprefix = {arXiv},
	Author = {Andreassen, Anders and Feige, Ilya and Frye, Christopher and Schwartz, Matthew D.},
	eprint = {1804.09720},
	Primaryclass = {hep-ph},
	Slaccitation = {%%CITATION = ARXIV:1804.09720;%%},
	title = "{JUNIPR: a Framework for Unsupervised Machine Learning in Particle Physics}",
	Year = {2018}}
@article{Andreassen:2019txo,
      author         = "Andreassen, Anders and Feige, Ilya and Frye, Christopher
                        and Schwartz, Matthew D.",
      title          = "{Binary JUNIPR: an interpretable probabilistic model for discrimination}",
      journal        = "Phys. Rev. Lett.",
      volume         = "123",
      year           = "2019",
      number         = "18",
      pages          = "182001",
      doi            = "10.1103/PhysRevLett.123.182001",
      eprint         = "1906.10137",
      archivePrefix  = "arXiv",
      primaryClass   = "hep-ph",
      SLACcitation   = "%%CITATION = ARXIV:1906.10137;%%"
}
@InProceedings{pmlr-v37-rezende15,
  title = 	 {Variational Inference with Normalizing Flows},
  author = 	 {Danilo Rezende and Shakir Mohamed},
  journal = 	 {Proceedings of the 32nd International Conference on Machine Learning},
  pages = 	 {1530--1538},
  year = 	 {2015},
  editor = 	 {Francis Bach and David Blei},
  volume = 	 {37},
  series = 	 {Proceedings of Machine Learning Research},
  address = 	 {Lille, France},
  month = 	 {07--09 Jul},
  publisher = 	 {PMLR},
  pdf = 	 {http://proceedings.mlr.press/v37/rezende15.pdf},
  url = 	 {http://proceedings.mlr.press/v37/rezende15.html},
}
@article{Albergo:2019eim,
      author         = "Albergo, M. S. and Kanwar, G. and Shanahan, P. E.",
      title          = "{Flow-based generative models for Markov chain Monte Carlo in lattice field theory}",
      journal        = "Phys. Rev.",
      volume         = "D100",
      year           = "2019",
      number         = "3",
      pages          = "034515",
      doi            = "10.1103/PhysRevD.100.034515",
      eprint         = "1904.12072",
      archivePrefix  = "arXiv",
      primaryClass   = "hep-lat",
      reportNumber   = "MIT-CTP/5114",
      SLACcitation   = "%%CITATION = ARXIV:1904.12072;%%"
}
@misc{sleuth,
	Author = {B. Knuteson},
	title = "{A Quasi-Model-Independent Search for New High $p_T$ Physics at D0}",
	url={https://www-d0.fnal.gov/results/publications_talks/thesis/knuteson/thesis.ps},
	Note = {Ph.D. thesis, University of California at Berkeley (2000)}}
@article{Abbott:2000fb,
	Archiveprefix = {arXiv},
	Author = {Abbott, B. and others},
	Collaboration = {D0},
	Doi = {10.1103/PhysRevD.62.092004},
	Eprint = {hep-ex/0006011},
	Journal = {Phys. Rev.},
	Pages = {092004},
	Primaryclass = {hep-ex},
	Reportnumber = {FERMILAB-PUB-00-126-E},
	Slaccitation = {%%CITATION = HEP-EX/0006011;%%},
	title = "{Search for new physics in $e\mu X$ data at D\O\ using Sherlock: A quasi model independent search strategy for new physics}",
	Volume = {D62},
	Year = {2000},
	Bdsk-Url-1 = {http://dx.doi.org/10.1103/PhysRevD.62.092004}}
@article{Abbott:2000gx,
	Archiveprefix = {arXiv},
	Author = {Abazov, V. M. and others},
	Collaboration = {D0},
	Doi = {10.1103/PhysRevD.64.012004},
	Eprint = {hep-ex/0011067},
	Journal = {Phys. Rev.},
	Pages = {012004},
	Primaryclass = {hep-ex},
	Reportnumber = {FERMILAB-PUB-00-302-E},
	Slaccitation = {%%CITATION = HEP-EX/0011067;%%},
	title = "{A Quasi model independent search for new physics at large transverse momentum}",
	Volume = {D64},
	Year = {2001},
	Bdsk-Url-1 = {http://dx.doi.org/10.1103/PhysRevD.64.012004}}
@article{Abbott:2001ke,
      author         = "Abbott, B. and others",
      title          = "{A quasi-model-independent search for new high $p_T$ physics at D\O}",
      collaboration  = "D0",
      journal        = "Phys. Rev. Lett.",
      volume         = "86",
      year           = "2001",
      pages          = "3712-3717",
      doi            = "10.1103/PhysRevLett.86.3712",
      eprint         = "hep-ex/0011071",
      archivePrefix  = "arXiv",
      primaryClass   = "hep-ex",
      reportNumber   = "FERMILAB-PUB-00-304-E",
      SLACcitation   = "%%CITATION = HEP-EX/0011071;%%"
}
@article{Aaron:2008aa,
      author         = "Aaron, F. D. and others",
      title          = "{A General Search for New Phenomena at HERA}",
      collaboration  = "H1",
      journal        = "Phys. Lett.",
      volume         = "B674",
      year           = "2009",
      pages          = "257-268",
      doi            = "10.1016/j.physletb.2009.03.034",
      eprint         = "0901.0507",
      archivePrefix  = "arXiv",
      primaryClass   = "hep-ex",
      reportNumber   = "DESY-08-173",
      SLACcitation   = "%%CITATION = ARXIV:0901.0507;%%"
}
@article{Aktas:2004pz,
	Archiveprefix = {arXiv},
	Author = {Aktas, A. and others},
	Collaboration = {H1},
	Doi = {10.1016/j.physletb.2004.09.057},
	Eprint = {hep-ex/0408044},
	Journal = {Phys. Lett.},
	Pages = {14-30},
	Primaryclass = {hep-ex},
	Reportnumber = {DESY-04-140},
	Slaccitation = {%%CITATION = HEP-EX/0408044;%%},
	title = "{A General search for new phenomena in ep scattering at HERA}",
	Volume = {B602},
	Year = {2004},
	Bdsk-Url-1 = {http://dx.doi.org/10.1016/j.physletb.2004.09.057}}
@phdthesis{Cranmer:2005zn,
      author         = "Cranmer, Kyle S.",
      title          = "{Searching for new physics: Contributions to LEP and the LHC}",
      school         = "Wisconsin U., Madison",
      year           = "2005",
      url            = "http://weblib.cern.ch/abstract?CERN-THESIS-2005-011",
      reportNumber   = "UMI-31-75541, CERN-THESIS-2005-011",
      SLACcitation   = "%%CITATION = UMI-31-75541;%%"
}
@article{Aaltonen:2007dg,
      author         = "Aaltonen, T. and others",
      title          = "{Model-Independent and Quasi-Model-Independent Search for New Physics at CDF}",
      collaboration  = "CDF",
      journal        = "Phys. Rev.",
      volume         = "D78",
      year           = "2008",
      pages          = "012002",
      doi            = "10.1103/PhysRevD.78.012002",
      eprint         = "0712.1311",
      archivePrefix  = "arXiv",
      primaryClass   = "hep-ex",
      reportNumber   = "FERMILAB-PUB-07-657-E",
      SLACcitation   = "%%CITATION = ARXIV:0712.1311;%%"
}
@article{Aaltonen:2007ab,
      author         = "Aaltonen, T. and others",
      title          = "{Model-Independent Global Search for New High-p(T) Physics at CDF}",
      collaboration  = "CDF",
      doi            = "10.2172/922303",
      year           = "2007",
      eprint         = "0712.2534",
      archivePrefix  = "arXiv",
      primaryClass   = "hep-ex",
      reportNumber   = "FERMILAB-PUB-07-667-E",
      SLACcitation   = "%%CITATION = ARXIV:0712.2534;%%"
}
@article{Aaltonen:2008vt,
	Archiveprefix = {arXiv},
	Author = {Aaltonen, T. and others},
	Collaboration = {CDF},
	Doi = {10.1103/PhysRevD.79.011101},
	Eprint = {0809.3781},
	Journal = {Phys. Rev.},
	Pages = {011101},
	Primaryclass = {hep-ex},
	Reportnumber = {FERMILAB-PUB-08-400-E},
	Slaccitation = {%%CITATION = ARXIV:0809.3781;%%},
	title = "{Global Search for New Physics with 2.0 fb$^{-1}$ at CDF}",
	Volume = {D79},
	Year = {2009},
	Bdsk-Url-1 = {http://dx.doi.org/10.1103/PhysRevD.79.011101}}
@article{CMS-PAS-EXO-14-016,
      author         = "CMS Collaboration",
      title          = "{MUSiC, a Model Unspecific Search for New Physics, in pp Collisions at $\sqrt{s}=8$ TeV}",
      collaboration  = "CMS",
      year           = "2017",
      reportNumber   = "CMS-PAS-EXO-14-016",
      SLACcitation   = "%%CITATION = CMS-PAS-EXO-14-016;%%"
}
@techreport{CMS-PAS-EXO-10-021,
	Address = {Geneva},
	Collaboration = {CMS Collaboration},
	Institution = {CERN},
	Number = {CMS-PAS-EXO-10-021},
	Reportnumber = {CMS-PAS-EXO-10-021},
	title = "{Model Unspecific Search for New Physics in pp Collisions at sqrt(s) = 7 TeV}",
	Url = {http://cds.cern.ch/record/1360173},
	Year = {2011},
	Bdsk-Url-1 = {http://cds.cern.ch/record/1360173}}
@article{Aaboud:2018ufy,
      author         = "Aaboud, Morad and others",
      title          = "{A strategy for a general search for new phenomena using data-derived signal regions and its application within the ATLAS experiment}",
      collaboration  = "ATLAS",
      journal        = "Eur. Phys. J.",
      volume         = "C79",
      year           = "2019",
      pages          = "120",
      doi            = "10.1140/epjc/s10052-019-6540-y",
      eprint         = "1807.07447",
      archivePrefix  = "arXiv",
      primaryClass   = "hep-ex",
      reportNumber   = "CERN-EP-2018-070",
      SLACcitation   = "%%CITATION = ARXIV:1807.07447;%%"
}
@article{ATLAS-CONF-2014-006,
	Address = {Geneva},
	Institution = {CERN},
	Month = {Mar},
	collaboration="{ATLAS}",
	Number = {ATLAS-CONF-2014-006},
	journal = {ATLAS-CONF-2014-006},
	title = "{A general search for new phenomena with the ATLAS detector in pp collisions at $\sqrt{s}=8$ TeV}",
	Url = {https://cds.cern.ch/record/1666536},
	Year = {2014},
	Bdsk-Url-1 = {https://cds.cern.ch/record/1666536}}
@article{ATLAS-CONF-2012-107,
	Address = {Geneva},
	Collaboration = {ATLAS},
	Institution = {CERN},
	Month = {Aug},
	journal = {ATLAS-CONF-2012-107},
	Reportnumber = {ATLAS-CONF-2012-107},
	title = "{A general search for new phenomena with the ATLAS detector in pp collisions at sort(s)=7 TeV.}",
	Url = {https://cds.cern.ch/record/1472686},
	Year = {2012},
	Bdsk-Url-1 = {https://cds.cern.ch/record/1472686}}
@article{DAgnolo:2018cun,
      author         = "D'Agnolo, Raffaele Tito and Wulzer, Andrea",
      title          = "{Learning New Physics from a Machine}",
      journal        = "Phys. Rev.",
      volume         = "D99",
      year           = "2019",
      number         = "1",
      pages          = "015014",
      doi            = "10.1103/PhysRevD.99.015014",
      eprint         = "1806.02350",
      archivePrefix  = "arXiv",
      primaryClass   = "hep-ph",
      SLACcitation   = "%%CITATION = ARXIV:1806.02350;%%"
}
@article{DAgnolo:2019vbw,
      author         = "D'Agnolo, Raffaele Tito and Grosso, Gaia and Pierini,
                        Maurizio and Wulzer, Andrea and Zanetti, Marco",
      title          = "{Learning Multivariate New Physics}",
      year           = "2019",
      eprint         = "1912.12155",
      archivePrefix  = "arXiv",
      primaryClass   = "hep-ph",
      SLACcitation   = "%%CITATION = ARXIV:1912.12155;%%"
}
@article{Farina:2018fyg,
      author         = "Farina, Marco and Nakai, Yuichiro and Shih, David",
      title          = "{Searching for New Physics with Deep Autoencoders}",
      year           = "2018",
      eprint         = "1808.08992",
      archivePrefix  = "arXiv",
      primaryClass   = "hep-ph",
      SLACcitation   = "%%CITATION = ARXIV:1808.08992;%%"
}
@article{Heimel:2018mkt,
      author         = "Heimel, Theo and Kasieczka, Gregor and Plehn, Tilman and
                        Thompson, Jennifer M.",
      title          = "{QCD or What?}",
      journal        = "SciPost Phys.",
      volume         = "6",
      year           = "2019",
      number         = "3",
      pages          = "030",
      doi            = "10.21468/SciPostPhys.6.3.030",
      eprint         = "1808.08979",
      archivePrefix  = "arXiv",
      primaryClass   = "hep-ph",
      SLACcitation   = "%%CITATION = ARXIV:1808.08979;%%"
}
@article{Roy:2019jae,
      author         = "Roy, Tuhin S. and Vijay, Aravind H.",
      title          = "{A robust anomaly finder based on autoencoder}",
      year           = "2019",
      eprint         = "1903.02032",
      archivePrefix  = "arXiv",
      primaryClass   = "hep-ph",
      reportNumber   = "TIFR/TH/19-4",
      SLACcitation   = "%%CITATION = ARXIV:1903.02032;%%"
}
@article{Nachman:2020lpy,
    author = "Nachman, Benjamin and Shih, David",
    title = "{Anomaly Detection with Density Estimation}",
    eprint = "2001.04990",
    archivePrefix = "arXiv",
    primaryClass = "hep-ph",
    doi = "10.1103/PhysRevD.101.075042",
    journal = "Phys. Rev. D",
    volume = "101",
    pages = "075042",
    year = "2020"
}
@article{Cerri:2018anq,
      author         = "Cerri, Olmo and Nguyen, Thong Q. and Pierini, Maurizio
                        and Spiropulu, Maria and Vlimant, Jean-Roch",
      title          = "{Variational Autoencoders for New Physics Mining at the Large Hadron Collider}",
      journal        = "JHEP",
      volume         = "05",
      year           = "2019",
      pages          = "036",
      doi            = "10.1007/JHEP05(2019)036",
      eprint         = "1811.10276",
      archivePrefix  = "arXiv",
      primaryClass   = "hep-ex",
      SLACcitation   = "%%CITATION = ARXIV:1811.10276;%%"
}
@article{Blance:2019ibf,
      author         = "Blance, Andrew and Spannowsky, Michael and Waite, Philip",
      title          = "{Adversarially-trained autoencoders for robust unsupervised new physics searches}",
      journal        = "JHEP",
      volume         = "10",
      year           = "2019",
      pages          = "047",
      doi            = "10.1007/JHEP10(2019)047",
      eprint         = "1905.10384",
      archivePrefix  = "arXiv",
      primaryClass   = "hep-ph",
      reportNumber   = "IPPP/19/41",
      SLACcitation   = "%%CITATION = ARXIV:1905.10384;%%"
}
@article{Hajer:2018kqm,
      author         = "Hajer, Jan and Li, Ying-Ying and Liu, Tao and Wang, He",
      title          = "{Novelty Detection Meets Collider Physics}",
      year           = "2018",
      eprint         = "1807.10261",
      archivePrefix  = "arXiv",
      primaryClass   = "hep-ph",
      SLACcitation   = "%%CITATION = ARXIV:1807.10261;%%"
}
@article{Collins:2018epr,
      author         = "Collins, Jack H. and Howe, Kiel and Nachman, Benjamin",
      title          = "{Anomaly Detection for Resonant New Physics with Machine Learning}",
      journal        = "Phys. Rev. Lett.",
      volume         = "121",
      year           = "2018",
      number         = "24",
      pages          = "241803",
      doi            = "10.1103/PhysRevLett.121.241803",
      eprint         = "1805.02664",
      archivePrefix  = "arXiv",
      primaryClass   = "hep-ph",
      reportNumber   = "FERMILAB-PUB-18-180-T",
      SLACcitation   = "%%CITATION = ARXIV:1805.02664;%%"
}
@article{Collins:2019jip,
      author         = "Collins, Jack H. and Howe, Kiel and Nachman, Benjamin",
      title          = "{Extending the search for new resonances with machine learning}",
      journal        = "Phys. Rev.",
      volume         = "D99",
      year           = "2019",
      number         = "1",
      pages          = "014038",
      doi            = "10.1103/PhysRevD.99.014038",
      eprint         = "1902.02634",
      archivePrefix  = "arXiv",
      primaryClass   = "hep-ph",
      reportNumber   = "FERMILAB-PUB-18-733-T",
      SLACcitation   = "%%CITATION = ARXIV:1902.02634;%%"
}
@article{DeSimone:2018efk,
      author         = "De Simone, Andrea and Jacques, Thomas",
      title          = "{Guiding New Physics Searches with Unsupervised Learning}",
      journal        = "Eur. Phys. J.",
      volume         = "C79",
      year           = "2019",
      number         = "4",
      pages          = "289",
      doi            = "10.1140/epjc/s10052-019-6787-3",
      eprint         = "1807.06038",
      archivePrefix  = "arXiv",
      primaryClass   = "hep-ph",
      reportNumber   = "SISSA 27/2018/FISI",
      SLACcitation   = "%%CITATION = ARXIV:1807.06038;%%"
}
@article{Mullin:2019mmh,
      author         = "Mullin, Anna and Pacey, Holly and Parker, Michael and
                        White, Martin and Williams, Sarah",
      title          = "{Does SUSY have friends? A new approach for LHC event analysis}",
      year           = "2019",
      eprint         = "1912.10625",
      archivePrefix  = "arXiv",
      primaryClass   = "hep-ph",
      SLACcitation   = "%%CITATION = ARXIV:1912.10625;%%"
}
@article{1809.02977,
      author         = "Alessandro Casa, Giovanna Menardi",
      title          = "{Nonparametric semisupervised classification for signal detection in high energy physics}",
      year           = "2019",
      eprint         = "1809.02977",
      archivePrefix  = "arXiv",
      primaryClass   = "hep-ex",
      SLACcitation   = "%%CITATION = ARXIV:1811.10276;%%"
}
@article{Dillon:2019cqt,
      author         = "Dillon, Barry M. and Faroughy, Darius A. and Kamenik,
                        Jernej F.",
      title          = "{Uncovering latent jet substructure}",
      journal        = "Phys. Rev.",
      volume         = "D100",
      year           = "2019",
      number         = "5",
      pages          = "056002",
      doi            = "10.1103/PhysRevD.100.056002",
      eprint         = "1904.04200",
      archivePrefix  = "arXiv",
      primaryClass   = "hep-ph",
      SLACcitation   = "%%CITATION = ARXIV:1904.04200;%%"
}
@article{Aguilar-Saavedra:2017rzt,
	Archiveprefix = {arXiv},
	Author = {Aguilar-Saavedra, J. A. and Collins, Jack H. and Mishra, Rashmish K.},
	Doi = {10.1007/JHEP11(2017)163},
	eprint = "1709.01087",
	Journal = {JHEP},
	Pages = {163},
	Primaryclass = {hep-ph},
	Slaccitation = {%%CITATION = ARXIV:1709.01087;%%},
	title = "{A generic anti-QCD jet tagger}",
	Volume = {11},
	Year = {2017},
	Bdsk-Url-1 = {http://dx.doi.org/10.1007/JHEP11(2017)163}}
@article{Andreassen:2020nkr,
    author = "Andreassen, Anders and Nachman, Benjamin and Shih, David",
    title = "{Simulation Assisted Likelihood-free Anomaly Detection}",
    eprint = "2001.05001",
    archivePrefix = "arXiv",
    primaryClass = "hep-ph",
    doi = "10.1103/PhysRevD.101.095004",
    journal = "Phys. Rev. D",
    volume = "101",
    number = "9",
    pages = "095004",
    year = "2020"
}
@article{Gagunashvili:2010zw,
    author = "Gagunashvili, Nikolai D.",
    archivePrefix = "arXiv",
    eprint = "1004.2006",
    month = "4",
    primaryClass = "physics.data-an",
    title = "{Machine learning approach to inverse problem and unfolding procedure}",
    year = "2010"
}
@article{Glazov:2017vni,
    author = "Glazov, Alexander",
    archivePrefix = "arXiv",
    eprint = "1712.01814",
    month = "12",
    primaryClass = "physics.data-an",
    reportNumber = "DESY-17-214",
    title = "{Machine learning as an instrument for data unfolding}",
    year = "2017"
}
@article{Nachman:2019dol,
    author = "Nachman, Benjamin",
    archivePrefix = "arXiv",
    eprint = "1909.03081",
    month = "9",
    primaryClass = "hep-ph",
    title = "{A guide for deploying Deep Learning in LHC searches: How to achieve optimality and account for uncertainty}",
    year = "2019"
}
@article{Martschei:2012pr,
    author = "Martschei, D. and Feindt, M. and Honc, S. and Wagner-Kuhr, J.",
    doi = "10.1088/1742-6596/368/1/012028",
    journal = "J. Phys. Conf. Ser.",
    pages = "012028",
    title = "{Advanced event reweighting using multivariate analysis}",
    volume = "368",
    year = "2012"
}
@article{Lindemann:1995ut,
    author = "Lindemann, L. and Zech, Gunter",
    doi = "10.1016/0168-9002(94)01067-6",
    journal = "Nucl. Instrum. Meth. A",
    pages = "516--521",
    title = "{Unfolding by weighting Monte Carlo events}",
    volume = "354",
    year = "1995"
}
@inproceedings{Zech2003BinningFreeUB,
  title="{Binning-Free Unfolding Based on Monte Carlo Migration}",
  author={Gernot Zech and Bassel Aslan},
  journal={PHYSTAT},
  year={2003}
}
@article{Cheong:2019upg,
    author = "Cheong, Sanha and Cukierman, Aviv and Nachman, Benjamin and Safdari, Murtaza and Schwartzman, Ariel",
    archivePrefix = "arXiv",
    doi = "10.1088/1748-0221/15/01/P01030",
    eprint = "1910.03773",
    journal = "JINST",
    number = "01",
    pages = "P01030",
    primaryClass = "physics.data-an",
    title = "{Parametrizing the Detector Response with Neural Networks}",
    volume = "15",
    year = "2020"
}
@article{Andreassen:2019nnm,
    author = "Andreassen, Anders and Nachman, Benjamin",
    title = "{Neural Networks for Full Phase-space Reweighting and Parameter Tuning}",
    eprint = "1907.08209",
    archivePrefix = "arXiv",
    primaryClass = "hep-ph",
    doi = "10.1103/PhysRevD.101.091901",
    journal = "Phys. Rev. D",
    volume = "101",
    number = "9",
    pages = "091901",
    year = "2020"
}
@article{Datta:2019ndh,
    author = "Datta, Kaustuv and Larkoski, Andrew and Nachman, Benjamin",
    archivePrefix = "arXiv",
    doi = "10.1103/PhysRevD.100.095016",
    eprint = "1902.07180",
    journal = "Phys. Rev. D",
    number = "9",
    pages = "095016",
    primaryClass = "hep-ph",
    title = "{Automating the Construction of Jet Observables with Machine Learning}",
    volume = "100",
    year = "2019"
}
@article{deOliveira:2018lqd,
    author = "De Oliveira, Luke and Nachman, Benjamin and Paganini, Michela",
    archivePrefix = "arXiv",
    doi = "10.1016/j.nima.2019.162879",
    eprint = "1806.05667",
    journal = "Nucl. Instrum. Meth. A",
    pages = "162879",
    primaryClass = "hep-ex",
    title = "{Electromagnetic Showers Beyond Shower Shapes}",
    volume = "951",
    year = "2020"
}
@article{Komiske:2018oaa,
    author = "Komiske, Patrick T. and Metodiev, Eric M. and Nachman, Benjamin and Schwartz, Matthew D.",
    archivePrefix = "arXiv",
    doi = "10.1103/PhysRevD.98.011502",
    eprint = "1801.10158",
    journal = "Phys. Rev. D",
    number = "1",
    pages = "011502",
    primaryClass = "hep-ph",
    reportNumber = "MIT-CTP-4968, MIT-CTP 4968",
    title = "{Learning to classify from impure samples with high-dimensional data}",
    volume = "98",
    year = "2018"
}
@article{Larkoski:2017jix,
    author = "Larkoski, Andrew J. and Moult, Ian and Nachman, Benjamin",
    archivePrefix = "arXiv",
    doi = "10.1016/j.physrep.2019.11.001",
    eprint = "1709.04464",
    journal = "Phys. Rept.",
    pages = "1--63",
    primaryClass = "hep-ph",
    title = "{Jet Substructure at the Large Hadron Collider: A Review of Recent Advances in Theory and Machine Learning}",
    volume = "841",
    year = "2020"
}
@article{Komiske:2017ubm,
    author = "Komiske, Patrick T. and Metodiev, Eric M. and Nachman, Benjamin and Schwartz, Matthew D.",
    archivePrefix = "arXiv",
    doi = "10.1007/JHEP12(2017)051",
    eprint = "1707.08600",
    journal = "JHEP",
    pages = "051",
    primaryClass = "hep-ph",
    reportNumber = "MIT-CTP-4924",
    title = "{Pileup Mitigation with Machine Learning (PUMML)}",
    volume = "12",
    year = "2017"
}
@article{deOliveira:2017rwa,
    author = "de Oliveira, Luke and Paganini, Michela and Nachman, Benjamin",
    archivePrefix = "arXiv",
    doi = "10.1088/1742-6596/1085/4/042017",
    eprint = "1711.08813",
    journal = "J. Phys. Conf. Ser.",
    number = "4",
    pages = "042017",
    primaryClass = "hep-ex",
    title = "{Controlling Physical Attributes in GAN-Accelerated Simulation of Electromagnetic Calorimeters}",
    volume = "1085",
    year = "2018"
}
@article{Farrell:2019fsm,
    author = "Farrell, Steven and Bhimji, Wahid and Kurth, Thorsten and Mustafa, Mustafa and Bard, Deborah and Lukic, Zarija and Nachman, Benjamin and Patton, Harley",
    doi = "10.1051/epjconf/201921409005",
    journal = "EPJ Web Conf.",
    pages = "09005",
    title = "{Next Generation Generative Neural Networks for HEP}",
    volume = "214",
    year = "2019"
}
@article{Mackey:2015hwa,
    author = "Mackey, Lester and Nachman, Benjamin and Schwartzman, Ariel and Stansbury, Conrad",
    archivePrefix = "arXiv",
    doi = "10.1007/JHEP06(2016)010",
    eprint = "1509.02216",
    journal = "JHEP",
    pages = "010",
    primaryClass = "hep-ph",
    title = "{Fuzzy Jets}",
    volume = "06",
    year = "2016"
}
@techreport{ATL-PHYS-PUB-2020-001,
      title         = "{Simultaneous Jet Energy and Mass Calibrations with Neural Networks}",
      institution   = "CERN",
      collaboration = "ATLAS Collaboration",
      address       = "Geneva",
      number        = "ATL-PHYS-PUB-2020-001",
      month         = "Jan",
      year          = "2020",
      reportNumber  = "ATL-PHYS-PUB-2020-001",
      url           = "http://cds.cern.ch/record/2706189",
}
@techreport{ATL-PHYS-PUB-2018-013,
      title         = "{Generalized Numerical Inversion: A Neural Network Approach to Jet Calibration}",
      institution   = "CERN",
      collaboration = "ATLAS Collaboration",
      address       = "Geneva",
      number        = "ATL-PHYS-PUB-2018-013",
      month         = "Jul",
      year          = "2018",
      reportNumber  = "ATL-PHYS-PUB-2018-013",
      url           = "http://cds.cern.ch/record/2630972",
}
@techreport{ATL-PHYS-PUB-2017-017,
      title         = "{Quark versus Gluon Jet Tagging Using Jet Images with the ATLAS Detector}",
      institution   = "CERN",
      collaboration = "ATLAS Collaboration",
      address       = "Geneva",
      number        = "ATL-PHYS-PUB-2017-017",
      month         = "Jul",
      year          = "2017",
      reportNumber  = "ATL-PHYS-PUB-2017-017",
      url           = "http://cds.cern.ch/record/2275641",
}
@techreport{ATL-PHYS-PUB-2019-028,
      title         = "{Convolutional Neural Networks with Event Images for Pileup Mitigation with the ATLAS Detector}",
      institution   = "CERN",
      collaboration = "ATLAS Collaboration",
      address       = "Geneva",
      number        = "ATL-PHYS-PUB-2019-028",
      month         = "Jul",
      year          = "2019",
      reportNumber  = "ATL-PHYS-PUB-2019-028",
      url           = "http://cds.cern.ch/record/2684070",
}
@article{Radovic:2018dip,
    author = "Radovic, Alexander and Williams, Mike and Rousseau, David and Kagan, Michael and Bonacorsi, Daniele and Himmel, Alexander and Aurisano, Adam and Terao, Kazuhiro and Wongjirad, Taritree",
    doi = "10.1038/s41586-018-0361-2",
    journal = "Nature",
    number = "7716",
    pages = "41--48",
    reportNumber = "FERMILAB-PUB-18-436-ND",
    title = "{Machine learning at the energy and intensity frontiers of particle physics}",
    volume = "560",
    year = "2018"
}
@article{Carleo:2019ptp,
    author = "Carleo, Giuseppe and Cirac, Ignacio and Cranmer, Kyle and Daudet, Laurent and Schuld, Maria and Tishby, Naftali and Vogt-Maranto, Leslie and Zdeborová, Lenka",
    archivePrefix = "arXiv",
    doi = "10.1103/RevModPhys.91.045002",
    eprint = "1903.10563",
    journal = "Rev. Mod. Phys.",
    number = "4",
    pages = "045002",
    primaryClass = "physics.comp-ph",
    title = "{Machine learning and the physical sciences}",
    volume = "91",
    year = "2019"
}
@inproceedings{Cranmer:2019eaq,
    author = "Cranmer, Kyle and Brehmer, Johann and Louppe, Gilles",
    archivePrefix = "arXiv",
    eprint = "1911.01429",
    month = "11",
    primaryClass = "stat.ML",
    title = "{The frontier of simulation-based inference}",
    year = "2019"
}
@article{Datta:2017rhs,
    author = "Datta, Kaustuv and Larkoski, Andrew",
    archivePrefix = "arXiv",
    doi = "10.1007/JHEP06(2017)073",
    eprint = "1704.08249",
    journal = "JHEP",
    pages = "073",
    primaryClass = "hep-ph",
    title = "{How Much Information is in a Jet?}",
    volume = "06",
    year = "2017"
}
@article{Datta:2017lxt,
    author = "Datta, Kaustuv and Larkoski, Andrew J.",
    archivePrefix = "arXiv",
    doi = "10.1007/JHEP03(2018)086",
    eprint = "1710.01305",
    journal = "JHEP",
    pages = "086",
    primaryClass = "hep-ph",
    title = "{Novel Jet Observables from Machine Learning}",
    volume = "03",
    year = "2018"
}
@article{Duarte:2018ite,
    author = "Duarte, Javier and others",
    archivePrefix = "arXiv",
    doi = "10.1088/1748-0221/13/07/P07027",
    eprint = "1804.06913",
    journal = "JINST",
    number = "07",
    pages = "P07027",
    primaryClass = "physics.ins-det",
    reportNumber = "FERMILAB-PUB-18-089-E",
    title = "{Fast inference of deep neural networks in FPGAs for particle physics}",
    volume = "13",
    year = "2018"
}
@article{DiGuglielmo:2020eqx,
    author = "Loncar, Vladimir and others",
    archivePrefix = "arXiv",
    eprint = "2003.06308",
    month = "3",
    primaryClass = "cs.LG",
    reportNumber = "FERMILAB-PUB-20-167-PPD-SCD",
    title = "{Compressing deep neural networks on FPGAs to binary and ternary precision with HLS4ML}",
    year = "2020"
}
@article{Summers:2020xiy,
    author = "Summers, Sioni and others",
    archivePrefix = "arXiv",
    eprint = "2002.02534",
    month = "2",
    primaryClass = "physics.comp-ph",
    title = "{Fast inference of Boosted Decision Trees in FPGAs for particle physics}",
    year = "2020"
}
@article{Lonnblad:1990bi,
    author = "Lonnblad, Leif and Peterson, Carsten and Rognvaldsson, Thorsteinn",
    doi = "10.1103/PhysRevLett.65.1321",
    journal = "Phys. Rev. Lett.",
    pages = "1321--1324",
    reportNumber = "LU-TP-90-3",
    title = "{Finding Gluon Jets With a Neural Trigger}",
    volume = "65",
    year = "1990"
}
@article{Pumplin:1991kc,
    author = "Pumplin, Jon",
    doi = "10.1103/PhysRevD.44.2025",
    journal = "Phys. Rev. D",
    pages = "2025--2032",
    reportNumber = "MSUTH-91-03",
    title = "{How to tell quark jets from gluon jets}",
    volume = "44",
    year = "1991"
}
@article{Cogan:2014oua,
    author = "Cogan, Josh and Kagan, Michael and Strauss, Emanuel and Schwarztman, Ariel",
    archivePrefix = "arXiv",
    doi = "10.1007/JHEP02(2015)118",
    eprint = "1407.5675",
    journal = "JHEP",
    pages = "118",
    primaryClass = "hep-ph",
    title = "{Jet-Images: Computer Vision Inspired Techniques for Jet Tagging}",
    volume = "02",
    year = "2015"
}
@inproceedings{Farrell:2018cjr,
    author = "Farrell, Steven and others",
    archivePrefix = "arXiv",
    journal = "{4th International Workshop Connecting The Dots 2018}",
    eprint = "1810.06111",
    month = "10",
    primaryClass = "hep-ex",
    reportNumber = "FERMILAB-CONF-18-598-CD",
    title = "{Novel deep learning methods for track reconstruction}",
    year = "2018"
}
@article{Amrouche:2019wmx,
    author = "Amrouche, Sabrina and others",
    archivePrefix = "arXiv",
    doi = "10.1007/978-3-030-29135-8\_9",
    eprint = "1904.06778",
    month = "4",
    primaryClass = "hep-ex",
    title = "{The Tracking Machine Learning challenge : Accuracy phase}",
    year = "2019"
}
@inproceedings{Ju:2020xty,
    author = "Ju, Xiangyang and others",
    archivePrefix = "arXiv",
    journal = "{33rd Annual Conference on Neural Information Processing Systems}",
    eprint = "2003.11603",
    month = "3",
    primaryClass = "physics.ins-det",
    reportNumber = "FERMILAB-CONF-20-163-PPD-QIS-SCD",
    title = "{Graph Neural Networks for Particle Reconstruction in High Energy Physics detectors}",
    year = "2020"
}
@article{Belayneh:2019vyx,
    author = "Belayneh, Dawit and others",
    archivePrefix = "arXiv",
    eprint = "1912.06794",
    month = "12",
    primaryClass = "physics.ins-det",
    title = "{Calorimetry with Deep Learning: Particle Simulation and Reconstruction for Collider Physics}",
    year = "2019"
}
@article{Moreno:2019neq,
    author = "Moreno, Eric A. and Nguyen, Thong Q. and Vlimant, Jean-Roch and Cerri, Olmo and Newman, Harvey B. and Periwal, Avikar and Spiropulu, Maria and Duarte, Javier M. and Pierini, Maurizio",
    archivePrefix = "arXiv",
    eprint = "1909.12285",
    month = "9",
    primaryClass = "hep-ex",
    reportNumber = "FERMILAB-PUB-19-492-CMS-E",
    title = "{Interaction networks for the identification of boosted $H\to b\overline{b}$ decays}",
    year = "2019"
}
@article{Moreno:2019bmu,
    author = "Moreno, Eric A. and Cerri, Olmo and Duarte, Javier M. and Newman, Harvey B. and Nguyen, Thong Q. and Periwal, Avikar and Pierini, Maurizio and Serikova, Aidana and Spiropulu, Maria and Vlimant, Jean-Roch",
    archivePrefix = "arXiv",
    doi = "10.1140/epjc/s10052-020-7608-4",
    eprint = "1908.05318",
    journal = "Eur. Phys. J. C",
    number = "1",
    pages = "58",
    primaryClass = "hep-ex",
    reportNumber = "FERMILAB-PUB-19-360-PPD",
    title = "{JEDI-net: a jet identification algorithm based on interaction networks}",
    volume = "80",
    year = "2020"
}
@article{Martinez:2018fwc,
    author = "Arjona Martínez, J. and Cerri, Olmo and Pierini, Maurizio and Spiropulu, Maria and Vlimant, Jean-Roch",
    archivePrefix = "arXiv",
    doi = "10.1140/epjp/i2019-12710-3",
    eprint = "1810.07988",
    journal = "Eur. Phys. J. Plus",
    number = "7",
    pages = "333",
    primaryClass = "hep-ph",
    title = "{Pileup mitigation at the Large Hadron Collider with graph neural networks}",
    volume = "134",
    year = "2019"
}
@article{Komiske:2018cqr,
    author = "Komiske, Patrick T. and Metodiev, Eric M. and Thaler, Jesse",
    archivePrefix = "arXiv",
    doi = "10.1007/JHEP01(2019)121",
    eprint = "1810.05165",
    journal = "JHEP",
    pages = "121",
    primaryClass = "hep-ph",
    reportNumber = "MIT-CTP 5064",
    title = "{Energy Flow Networks: Deep Sets for Particle Jets}",
    volume = "01",
    year = "2019"
}
@article{Nakai:2020kuu,
    author = "Nakai, Yuichiro and Shih, David and Thomas, Scott",
    archivePrefix = "arXiv",
    eprint = "2003.09517",
    month = "3",
    primaryClass = "hep-ph",
    title = "{Strange Jet Tagging}",
    year = "2020"
}
@article{Bollweg:2019skg,
    author = "Bollweg, Sven and Haußmann, Manuel and Kasieczka, Gregor and Luchmann, Michel and Plehn, Tilman and Thompson, Jennifer",
    archivePrefix = "arXiv",
    doi = "10.21468/SciPostPhys.8.1.006",
    eprint = "1904.10004",
    journal = "SciPost Phys.",
    number = "1",
    pages = "006",
    primaryClass = "hep-ph",
    title = "{Deep-Learning Jets with Uncertainties and More}",
    volume = "8",
    year = "2020"
}
@article{Qasim:2019otl,
    author = "Qasim, Shah Rukh and Kieseler, Jan and Iiyama, Yutaro and Pierini, Maurizio",
    archivePrefix = "arXiv",
    doi = "10.1140/epjc/s10052-019-7113-9",
    eprint = "1902.07987",
    journal = "Eur. Phys. J. C",
    number = "7",
    pages = "608",
    primaryClass = "physics.data-an",
    title = "{Learning representations of irregular particle-detector geometry with distance-weighted graph networks}",
    volume = "79",
    year = "2019"
}
@article{Qu:2019gqs,
    author = "Qu, Huilin and Gouskos, Loukas",
    archivePrefix = "arXiv",
    doi = "10.1103/PhysRevD.101.056019",
    eprint = "1902.08570",
    journal = "Phys. Rev. D",
    number = "5",
    pages = "056019",
    primaryClass = "hep-ph",
    title = "{ParticleNet: Jet Tagging via Particle Clouds}",
    volume = "101",
    year = "2020"
}
@article{Kasieczka:2019dbj,
    author = "Butter, Anja and others",
    editor = "Kasieczka, Gregor and Plehn, Tilman",
    archivePrefix = "arXiv",
    doi = "10.21468/SciPostPhys.7.1.014",
    eprint = "1902.09914",
    journal = "SciPost Phys.",
    pages = "014",
    primaryClass = "hep-ph",
    title = "{The Machine Learning Landscape of Top Taggers}",
    volume = "7",
    year = "2019"
}
@article{Carrazza:2019efs,
    author = "Carrazza, Stefano and Dreyer, Frédéric A.",
    archivePrefix = "arXiv",
    doi = "10.1103/PhysRevD.100.014014",
    eprint = "1903.09644",
    journal = "Phys. Rev. D",
    number = "1",
    pages = "014014",
    primaryClass = "hep-ph",
    title = "{Jet grooming through reinforcement learning}",
    volume = "100",
    year = "2019"
}
@article{Chakraborty:2019imr,
    author = "Chakraborty, Amit and Lim, Sung Hak and Nojiri, Mihoko M.",
    archivePrefix = "arXiv",
    doi = "10.1007/JHEP07(2019)135",
    eprint = "1904.02092",
    journal = "JHEP",
    pages = "135",
    primaryClass = "hep-ph",
    reportNumber = "KEK-TH-2117",
    title = "{Interpretable deep learning for two-prong jet classification with jet spectra}",
    volume = "19",
    year = "2020"
}
@article{Chakraborty:2020yfc,
    author = "Chakraborty, Amit and Lim, Sung Hak and Nojiri, Mihoko M. and Takeuchi, Michihisa",
    archivePrefix = "arXiv",
    eprint = "2003.11787",
    month = "3",
    primaryClass = "hep-ph",
    reportNumber = "KEK-TH-2202",
    title = "{Neural Network-based Top Tagger with Two-Point Energy Correlations and Geometry of Soft Emissions}",
    year = "2020"
}
@article{Kasieczka:2020vlh,
    author = "Kasieczka, Gregor and Luchmann, Michel and Otterpohl, Florian and Plehn, Tilman",
    archivePrefix = "arXiv",
    eprint = "2003.11099",
    month = "3",
    primaryClass = "hep-ph",
    title = "{Per-Object Systematics using Deep-Learned Calibration}",
    year = "2020"
}
@article{Komiske:2019fks,
    author = "Komiske, Patrick T. and Metodiev, Eric M. and Thaler, Jesse",
    archivePrefix = "arXiv",
    doi = "10.1103/PhysRevLett.123.041801",
    eprint = "1902.02346",
    journal = "Phys. Rev. Lett.",
    number = "4",
    pages = "041801",
    primaryClass = "hep-ph",
    reportNumber = "MIT-CTP 5102",
    title = "{Metric Space of Collider Events}",
    volume = "123",
    year = "2019"
}
@article{Komiske:2018vkc,
    author = "Komiske, Patrick T. and Metodiev, Eric M. and Thaler, Jesse",
    archivePrefix = "arXiv",
    doi = "10.1007/JHEP11(2018)059",
    eprint = "1809.01140",
    journal = "JHEP",
    pages = "059",
    primaryClass = "hep-ph",
    reportNumber = "MIT-CTP 5042",
    title = "{An operational definition of quark and gluon jets}",
    volume = "11",
    year = "2018"
}
@article{Komiske:2017aww,
    author = "Komiske, Patrick T. and Metodiev, Eric M. and Thaler, Jesse",
    archivePrefix = "arXiv",
    doi = "10.1007/JHEP04(2018)013",
    eprint = "1712.07124",
    journal = "JHEP",
    pages = "013",
    primaryClass = "hep-ph",
    reportNumber = "MIT-CTP-4965",
    title = "{Energy flow polynomials: A complete linear basis for jet substructure}",
    volume = "04",
    year = "2018"
}
@article{Metodiev:2018ftz,
    author = "Metodiev, Eric M. and Thaler, Jesse",
    archivePrefix = "arXiv",
    doi = "10.1103/PhysRevLett.120.241602",
    eprint = "1802.00008",
    journal = "Phys. Rev. Lett.",
    number = "24",
    pages = "241602",
    primaryClass = "hep-ph",
    reportNumber = "MIT-CTP-4979",
    title = "{Jet Topics: Disentangling Quarks and Gluons at Colliders}",
    volume = "120",
    year = "2018"
}
@article{Sirunyan:2020lcu,
    author = "Sirunyan, Albert M and others",
    collaboration = "CMS",
    title = "{Identification of heavy, energetic, hadronically decaying particles using machine-learning techniques}",
    eprint = "2004.08262",
    archivePrefix = "arXiv",
    primaryClass = "hep-ex",
    reportNumber = "FERMILAB-PUB-20-191-CMS, CMS-JME-18-002, CERN-EP-2020-037",
    doi = "10.1088/1748-0221/15/06/P06005",
    journal = "JINST",
    volume = "15",
    number = "06",
    pages = "P06005",
    year = "2020"
}
@article{Diefenbacher:2019ezd,
    author = "Diefenbacher, Sascha and Frost, Hermann and Kasieczka, Gregor and Plehn, Tilman and Thompson, Jennifer M.",
    archivePrefix = "arXiv",
    doi = "10.21468/SciPostPhys.8.2.023",
    eprint = "1906.11265",
    journal = "SciPost Phys.",
    pages = "023",
    primaryClass = "hep-ph",
    title = "{CapsNets Continuing the Convolutional Quest}",
    volume = "8",
    year = "2020"
}
@article{Kasieczka:2018lwf,
    author = "Kasieczka, Gregor and Kiefer, Nicholas and Plehn, Tilman and Thompson, Jennifer M.",
    archivePrefix = "arXiv",
    doi = "10.21468/SciPostPhys.6.6.069",
    eprint = "1812.09223",
    journal = "SciPost Phys.",
    number = "6",
    pages = "069",
    primaryClass = "hep-ph",
    title = "{Quark-Gluon Tagging: Machine Learning vs Detector}",
    volume = "6",
    year = "2019"
}
@article{Butter:2017cot,
    author = "Butter, Anja and Kasieczka, Gregor and Plehn, Tilman and Russell, Michael",
    archivePrefix = "arXiv",
    doi = "10.21468/SciPostPhys.5.3.028",
    eprint = "1707.08966",
    journal = "SciPost Phys.",
    number = "3",
    pages = "028",
    primaryClass = "hep-ph",
    title = "{Deep-learned Top Tagging with a Lorentz Layer}",
    volume = "5",
    year = "2018"
}
@article{Kasieczka:2017nvn,
    author = "Kasieczka, Gregor and Plehn, Tilman and Russell, Michael and Schell, Torben",
    archivePrefix = "arXiv",
    doi = "10.1007/JHEP05(2017)006",
    eprint = "1701.08784",
    journal = "JHEP",
    pages = "006",
    primaryClass = "hep-ph",
    reportNumber = "MCNET-17-07",
    title = "{Deep-learning Top Taggers or The End of QCD?}",
    volume = "05",
    year = "2017"
}
@article{Chen:2019uar,
    author = "Chen, Yu-Chen Janice and Chiang, Cheng-Wei and Cottin, Giovanna and Shih, David",
    archivePrefix = "arXiv",
    doi = "10.1103/PhysRevD.101.053001",
    eprint = "1908.08256",
    journal = "Phys. Rev. D",
    number = "5",
    pages = "053001",
    primaryClass = "hep-ph",
    title = "{Boosted $W$ and $Z$ tagging with jet charge and deep learning}",
    volume = "101",
    year = "2020"
}
@article{Macaluso:2018tck,
    author = "Macaluso, Sebastian and Shih, David",
    archivePrefix = "arXiv",
    doi = "10.1007/JHEP10(2018)121",
    eprint = "1803.00107",
    journal = "JHEP",
    pages = "121",
    primaryClass = "hep-ph",
    title = "{Pulling Out All the Tops with Computer Vision and Deep Learning}",
    volume = "10",
    year = "2018"
}
@article{Brehmer:2020vwc,
    author = "Brehmer, Johann and Cranmer, Kyle",
    archivePrefix = "arXiv",
    eprint = "2003.13913",
    month = "3",
    primaryClass = "stat.ML",
    title = "{Flows for simultaneous manifold learning and density estimation}",
    year = "2020"
}
@article{Brehmer:2019xox,
    author = "Brehmer, Johann and Kling, Felix and Espejo, Irina and Cranmer, Kyle",
    archivePrefix = "arXiv",
    doi = "10.1007/s41781-020-0035-2",
    eprint = "1907.10621",
    journal = "Comput. Softw. Big Sci.",
    number = "1",
    pages = "3",
    primaryClass = "hep-ph",
    title = "{MadMiner: Machine learning-based inference for particle physics}",
    volume = "4",
    year = "2020"
}
@article{Brehmer:2018hga,
    author = "Brehmer, Johann and Louppe, Gilles and Pavez, Juan and Cranmer, Kyle",
    archivePrefix = "arXiv",
    doi = "10.1073/pnas.1915980117",
    eprint = "1805.12244",
    journal = "Proc. Nat. Acad. Sci.",
    pages = "201915980",
    primaryClass = "stat.ML",
    title = "{Mining gold from implicit models to improve likelihood-free inference}",
    year = "2020"
}
@article{Cranmer:2015bka,
    author = "Cranmer, Kyle and Pavez, Juan and Louppe, Gilles",
    archivePrefix = "arXiv",
    eprint = "1506.02169",
    month = "6",
    primaryClass = "stat.AP",
    title = "{Approximating Likelihood Ratios with Calibrated Discriminative  Classifiers}",
    year = "2015"
}
@article{Bothmann:2020ywa,
    author = "Bothmann, Enrico and Janßen, Timo and Knobbe, Max and Schmale, Tobias and Schumann, Steffen",
    archivePrefix = "arXiv",
    eprint = "2001.05478",
    month = "1",
    primaryClass = "hep-ph",
    reportNumber = "MCNET-20-02, MCNET-20-01",
    title = "{Exploring phase space with Neural Importance Sampling}",
    year = "2020"
}
@article{Gao:2020zvv,
    author = "Gao, Christina and Höche, Stefan and Isaacson, Joshua and Krause, Claudius and Schulz, Holger",
    archivePrefix = "arXiv",
    doi = "10.1103/PhysRevD.101.076002",
    eprint = "2001.10028",
    journal = "Phys. Rev. D",
    number = "7",
    pages = "076002",
    primaryClass = "hep-ph",
    reportNumber = "FERMILAB-PUB-20-009-SCD-T, MCNET-20-03",
    title = "{Event Generation with Normalizing Flows}",
    volume = "101",
    year = "2020"
}
@article{Gao:2020vdv,
    author = "Gao, Christina and Isaacson, Joshua and Krause, Claudius",
    archivePrefix = "arXiv",
    eprint = "2001.05486",
    month = "1",
    primaryClass = "physics.comp-ph",
    reportNumber = "FERMILAB-PUB-20-010-T",
    title = "{i-flow: High-Dimensional Integration and Sampling with Normalizing Flows}",
    year = "2020"
}
@article{Klimek:2018mza,
    author = "Klimek, Matthew D. and Perelstein, Maxim",
    archivePrefix = "arXiv",
    eprint = "1810.11509",
    month = "10",
    primaryClass = "hep-ph",
    title = "{Neural Network-Based Approach to Phase Space Integration}",
    year = "2018"
}
@article{Carrazza:2020rdn,
    author = "Carrazza, Stefano and Cruz-Martinez, Juan M.",
    archivePrefix = "arXiv",
    eprint = "2002.12921",
    month = "2",
    primaryClass = "physics.comp-ph",
    reportNumber = "TIF-UNIMI-2020-8",
    title = "{VegasFlow: accelerating Monte Carlo simulation across multiple hardware platforms}",
    year = "2020"
}
@article{deCastro:2018mgh,
    author = "De Castro, Pablo and Dorigo, Tommaso",
    archivePrefix = "arXiv",
    doi = "10.1016/j.cpc.2019.06.007",
    eprint = "1806.04743",
    journal = "Comput. Phys. Commun.",
    pages = "170--179",
    primaryClass = "stat.ML",
    title = "{INFERNO: Inference-Aware Neural Optimisation}",
    volume = "244",
    year = "2019"
}
@article{Wunsch:2020iuh,
    author = "Wunsch, Stefan and Jörger, Simon and Wolf, Roger and Quast, Günter",
    archivePrefix = "arXiv",
    eprint = "2003.07186",
    month = "3",
    primaryClass = "physics.data-an",
    title = "{Optimal statistical inference in the presence of systematic uncertainties using neural network optimization based on binned Poisson likelihoods with nuisance parameters}",
    year = "2020"
}
@article{Bishara:2019iwh,
    author = "Bishara, Fady and Montull, Marc",
    archivePrefix = "arXiv",
    eprint = "1912.11055",
    month = "12",
    primaryClass = "hep-ph",
    reportNumber = "DESY-19-232",
    title = "{(Machine) Learning Amplitudes for Faster Event Generation}",
    year = "2019"
}
@article{Aad:2019yxi,
    author = "Aad, Georges and others",
    archivePrefix = "arXiv",
    collaboration = "ATLAS",
    doi = "10.1016/j.physletb.2019.135145",
    eprint = "1908.06765",
    journal = "Phys. Lett. B",
    pages = "135145",
    primaryClass = "hep-ex",
    reportNumber = "CERN-EP-2019-143",
    title = "{Search for non-resonant Higgs boson pair production in the $bb\ell\nu\ell\nu$ final state with the ATLAS detector in $pp$ collisions at $\sqrt{s} = 13$ TeV}",
    volume = "801",
    year = "2020"
}
@article{Aad:2020hzm,
    author = "Aad, Georges and others",
    archivePrefix = "arXiv",
    collaboration = "ATLAS",
    eprint = "2004.01678",
    month = "4",
    primaryClass = "hep-ex",
    reportNumber = "CERN-EP-2020-033",
    title = "{Search for Higgs boson decays into a $Z$ boson and a light hadronically decaying resonance using 13 TeV $pp$ collision data from the ATLAS detector}",
    year = "2020"
}
%%%
%%%
%%%

% March 13, 2020
@article{Kanwar:2003.06413,
      key            = "1785309",
      author         = "Kanwar, Gurtej and Albergo, Michael S. and Boyda, Denis
                        and Cranmer, Kyle and Hackett, Daniel C. and Racanière,
                        Sébastien and Rezende, Danilo Jimenez and Shanahan,
                        Phiala E.",
      title          = "{Equivariant flow-based sampling for lattice gauge theory}",
      year           = "2020",
      eprint         = "2003.06413",
      archivePrefix  = "arXiv",
      primaryClass   = "hep-lat",
      reportNumber   = "MIT-CTP/5181",
      SLACcitation   = "%%CITATION = ARXIV:2003.06413;%%"
}

% February 11, 2020
@article{Hollingsworth:2020kjg,
      author         = "Hollingsworth, Jacob and Whiteson, Daniel",
      title          = "{Resonance Searches with Machine Learned Likelihood Ratios}",
      year           = "2020",
      eprint         = "2002.04699",
      archivePrefix  = "arXiv",
      primaryClass   = "hep-ph",
      SLACcitation   = "%%CITATION = ARXIV:2002.04699;%%"
}

% February 3, 2020
@article{Strong:2020mge,
      author         = "Strong, Giles Chatham",
      title          = "{On the impact of modern deep-learning techniques to the performance and time-requirements of classification models in experimental high-energy physics}",
      year           = "2020",
      eprint         = "2002.01427",
      archivePrefix  = "arXiv",
      primaryClass   = "physics.data-an",
      SLACcitation   = "%%CITATION = ARXIV:2002.01427;%%"
}

% December 27, 2019
@article{10.1088/2632-2153/ab9023,
author={CMS Collaboration},
title="{A deep neural network to search for new long-lived particles decaying to jets}",
journal={Machine Learning: Science and Technology},
eprint="1912.12238",
doi="10.1088/2632-2153/ab9023",
year={2020}
}

% December 17, 2019
@article{Bourilkov:2019yoi,
    author = "Bourilkov, Dimitri",
    title = "{Machine and Deep Learning Applications in Particle Physics}",
    eprint = "1912.08245",
    archivePrefix = "arXiv",
    primaryClass = "physics.data-an",
    doi = "10.1142/S0217751X19300199",
    journal = "Int. J. Mod. Phys. A",
    volume = "34",
    number = "35",
    pages = "1930019",
    year = "2020"
}

% December 9, 2019
@article{Romao:2019dvs,
    author = "Romão Crispim, M. and Castro, N.F. and Pedro, R. and Vale, T.",
    archivePrefix = "arXiv",
    doi = "10.1103/PhysRevD.101.035042",
    eprint = "1912.04220",
    journal = "Phys.\ Rev.\ D",
    number = "3",
    pages = "035042",
    primaryClass = "hep-ph",
    title = "{Transferability of Deep Learning Models in Searches for New Physics at Colliders}",
    volume = "101",
    year = "2020"
}

% November 20, 2019
@article{Andreassen:2019cjw,
    author = "Andreassen, Anders and Komiske, Patrick T. and Metodiev, Eric M. and Nachman, Benjamin and Thaler, Jesse",
    title = "{OmniFold: A Method to Simultaneously Unfold All Observables}",
    eprint = "1911.09107",
    archivePrefix = "arXiv",
    primaryClass = "hep-ph",
    reportNumber = "MIT-CTP 5155",
    doi = "10.1103/PhysRevLett.124.182001",
    journal = "Phys. Rev. Lett.",
    volume = "124",
    number = "18",
    pages = "182001",
    year = "2020"
}

% October 18, 2019
@article{Nachman:2019yfl,
      author         = "Nachman, Benjamin and Shimmin, Chase",
      title          = "{AI Safety for High Energy Physics}",
      year           = "2019",
      eprint         = "1910.08606",
      archivePrefix  = "arXiv",
      primaryClass   = "hep-ph",
      SLACcitation   = "%%CITATION = ARXIV:1910.08606;%%"
}

% May 28, 2019
@article{Borisyak:2019vbz,
      author         = "Borisyak, Maxim and Kazeev, Nikita",
      title          = "{Machine Learning on data with sPlot background subtraction}",
      year           = "2019",
      eprint         = "1905.11719",
      archivePrefix  = "arXiv",
      primaryClass   = "cs.LG",
      SLACcitation   = "%%CITATION = ARXIV:1905.11719;%%"
}

% May 19, 2019
@article{Caron:2019xkx,
      author         = "Caron, Sascha and Heskes, Tom and Otten, Sydney and
                        Stienen, Bob",
      title          = "{Constraining the Parameters of High-Dimensional Models with Active Learning}",
      journal        = "Eur. Phys. J.",
      volume         = "C79",
      year           = "2019",
      number         = "11",
      pages          = "944",
      doi            = "10.1140/epjc/s10052-019-7437-5",
      eprint         = "1905.08628",
      archivePrefix  = "arXiv",
      primaryClass   = "cs.LG",
      SLACcitation   = "%%CITATION = ARXIV:1905.08628;%%"
}

% March 6, 2019
@article{DiSipio:2019imz,
      author         = "Di Sipio, Riccardo and Faucci Giannelli, Michele and
                        Ketabchi Haghighat, Sana and Palazzo, Serena",
      title          = "{DijetGAN: A Generative-Adversarial Network Approach for the Simulation of QCD Dijet Events at the LHC}",
      year           = "2019",
      eprint         = "1903.02433",
      archivePrefix  = "arXiv",
      primaryClass   = "hep-ex",
      SLACcitation   = "%%CITATION = ARXIV:1903.02433;%%"
}

% February 19, 2019
@article{Datta:2019,
      key            = "1720832",
      author         = "Datta, Kaustuv and Larkoski, Andrew and Nachman,
                        Benjamin",
      title          = "{Automating the Construction of Jet Observables with Machine Learning}",
      year           = "2019",
      eprint         = "1902.07180",
      archivePrefix  = "arXiv",
      primaryClass   = "hep-ph",
      SLACcitation   = "%%CITATION = ARXIV:1902.07180;%%"
}

%November 30, 2018
@article{Alonso-Monsalve:2018aqs,
    author = "Alonso-Monsalve, Saúl and Whitehead, Leigh H.",
    title = "{Image-based model parameter optimization using Model-Assisted Generative Adversarial Networks}",
    eprint = "1812.00879",
    archivePrefix = "arXiv",
    primaryClass = "cs.CV",
    doi = "10.1109/TNNLS.2020.2969327",
    month = "11",
    year = "2018"
}

% August 22, 2018
@article{Adams:2018bvi,
      author         = "Adams, C. and others",
      title          = "{Deep neural network for pixel-level electromagnetic particle identification in the MicroBooNE liquid argon time projection chamber}",
      collaboration  = "MicroBooNE",
      journal        = "Phys. Rev.",
      volume         = "D99",
      year           = "2019",
      number         = "9",
      pages          = "092001",
      doi            = "10.1103/PhysRevD.99.092001",
      eprint         = "1808.07269",
      archivePrefix  = "arXiv",
      primaryClass   = "hep-ex",
      reportNumber   = "FERMILAB-PUB-18-231-ND",
      SLACcitation   = "%%CITATION = ARXIV:1808.07269;%%"
}

% August 2, 2018
@article{Stoye:2018ovl,
      author         = "Stoye, Markus and Brehmer, Johann and Louppe, Gilles and
                        Pavez, Juan and Cranmer, Kyle",
      title          = "{Likelihood-free inference with an improved cross-entropy estimator}",
      year           = "2018",
      eprint         = "1808.00973",
      archivePrefix  = "arXiv",
      primaryClass   = "stat.ML",
      SLACcitation   = "%%CITATION = ARXIV:1808.00973;%%"
}

% August 2, 2018
@article{Bourgeois:2018nvk,
      author         = "Bourgeois, Dylan and Fitzpatrick, Conor and Stahl,
                        Sascha",
      title          = "{Using holistic event information in the trigger}",
      year           = "2018",
      eprint         = "1808.00711",
      archivePrefix  = "arXiv",
      primaryClass   = "physics.ins-det",
      reportNumber   = "LHCb-PUB-2018-010",
      SLACcitation   = "%%CITATION = ARXIV:1808.00711;%%"
}

% July 31, 2018
@article{Andrews:2018nwy,
      author         = "Andrews, Michael and Paulini, Manfred and Gleyzer, Sergei
                        and Poczos, Barnabas",
      title          = "{End-to-End Physics Event Classification with the CMS Open Data: Applying Image-based Deep Learning on Detector Data to Directly Classify Collision Events at the LHC}",
      year           = "2018",
      eprint         = "1807.11916",
      archivePrefix  = "arXiv",
      primaryClass   = "hep-ex",
      SLACcitation   = "%%CITATION = ARXIV:1807.11916;%%"
}

% July 27, 2018
@article{Lin:2018cin,
    author = "Lin, Joshua and Freytsis, Marat and Moult, Ian and Nachman, Benjamin",
    title = "{Boosting $H\to b\bar b$ with Machine Learning}",
    eprint = "1807.10768",
    archivePrefix = "arXiv",
    primaryClass = "hep-ph",
    doi = "10.1007/JHEP10(2018)101",
    journal = "JHEP",
    volume = "10",
    pages = "101",
    year = "2018"
}

% July 8, 2018
@article{Albertsson:2018maf,
      author         = "Albertsson, Kim and others",
      title          = "{Machine Learning in High Energy Physics Community White Paper}",
      year           = "2018",
      eprint         = "1807.02876",
      archivePrefix  = "arXiv",
      primaryClass   = "physics.comp-ph",
      reportNumber   = "FERMILAB-PUB-18-318-CD-DI-PPD",
      SLACcitation   = "%%CITATION = ARXIV:1807.02876;%%"
}

% June 29, 2018
@article{Guest:2018yhq,
      author         = "Guest, Dan and Cranmer, Kyle and Whiteson, Daniel",
      title          = "{Deep Learning and its Application to LHC Physics}",
      year           = "2018",
      eprint         = "1806.11484",
      archivePrefix  = "arXiv",
      primaryClass   = "hep-ex",
      SLACcitation   = "%%CITATION = ARXIV:1806.11484;%%"
}

% April 30, 2018
@article{Brehmer:2018kdj,
author         = "Brehmer, Johann and Cranmer, Kyle and Louppe, Gilles and
                  Pavez, Juan",
title          = "{Constraining Effective Field Theories with Machine Learning}",
year           = "2018",
eprint         = "1805.00013",
archivePrefix  = "arXiv",
primaryClass   = "hep-ph",
SLACcitation   = "%%CITATION = ARXIV:1805.00013;%%"
}

% April 30, 2018
@article{Brehmer:2018eca,
author         = "Brehmer, Johann and Cranmer, Kyle and Louppe, Gilles and
                  Pavez, Juan",
title          = "{A Guide to Constraining Effective Field Theories with Machine Learning}",
year           = "2018",
eprint         = "1805.00020",
archivePrefix  = "arXiv",
primaryClass   = "hep-ph",
SLACcitation   = "%%CITATION = ARXIV:1805.00020;%%"
}

% March 9, 2018
@article{Chien:2018dfn,
    author = "Chien, Yang-Ting and Kunnawalkam Elayavalli, Raghav",
    title = "{Probing heavy ion collisions using quark and gluon jet substructure}",
    eprint = "1803.03589",
    archivePrefix = "arXiv",
    primaryClass = "hep-ph",
    reportNumber = "MIT-CTP 4947, WSU-HEP 1802, MIT-CTP-4947, WSU-HEP-1802",
    month = "3",
    year = "2018"
}

% December 19, 2017
@article{Sirunyan:2017ezt,
 author         = "Sirunyan, Albert M and others",
 title          = "{Identification of heavy-flavour jets with the CMS detector in pp collisions at 13 TeV}",
 collaboration  = "CMS",
 year           = "2017",
 eprint         = "1712.07158",
 archivePrefix  = "arXiv",
 primaryClass   = "physics.ins-det",
 reportNumber   = "CMS-BTV-16-002, CERN-EP-2017-326",
 SLACcitation   = "%%CITATION = ARXIV:1712.07158;%%"
}

% December 8, 2017
@conference{Estrade:DLPS2017,
 author         = "Victor Estrade and Cecile Germain and Isabelle Guyon and David Rousseau",
 title          = "{Adversarial learning to eliminate systematic errors: a case study in High Energy Physics}",
 journal      = "{Proceedings of the Deep Learning for Physical Sciences Workshop at NIPS (2017)}",
 year           = "2017",
 url            = "{https://dl4physicalsciences.github.io/files/nips_dlps_2017_1.pdf}"
}

% December 8, 2017
@conference{Weitekamp:DLPS2017,
 author         = "Daniel Weitekamp III and Thong Q. Nguyen and Dustin Anderson and
 Roberto Castello and Maurizio Pierini and Maria Spiropulu and Jean-Roch Vlimant",
 title          = "{Deep topology classifiers for a more efficient trigger selection at the LHC}",
 journal      = "{Proceedings of the Deep Learning for Physical Sciences Workshop at NIPS (2017)}",
 year           = "2017",
 url            = "{https://dl4physicalsciences.github.io/files/nips_dlps_2017_3.pdf}"
}

% December 8, 2017
@conference{Hertel:DLPS2017,
 author         = "Lars Hertel and Lingge Li and Pierre Baldi and Jianming Bian",
 title          = "{Convolutional Neural Networks for Electron Neutrino and Electron Shower Energy Reconstruction in the NO$\nu$A Detectors}",
 journal      = "{Proceedings of the Deep Learning for Physical Sciences Workshop at NIPS (2017)}",
 year           = "2017",
 url            = "{https://dl4physicalsciences.github.io/files/nips_dlps_2017_7.pdf}"
}

% December 8, 2017
@conference{Stoye:DLPS2017,
 author         = "Markus Stoye and Jan Kieseler and Mauro Verzetti and Huilin Qu and Loukas Gouskos and Anna Stakia and {CMS Collaboration}",
 title          = "{DeepJet: Generic physics object based jet multiclass classification for LHC experiments}",
 journal      = "{Proceedings of the Deep Learning for Physical Sciences Workshop at NIPS (2017)}",
 year           = "2017",
 url            = "{https://dl4physicalsciences.github.io/files/nips_dlps_2017_10.pdf}"
}

% December 8, 2017
@conference{Hooberman:DLPS2017,
 author         = "Benjamin Hooberman and Amir Farbin and Gulrukh Khattak and Vit{\'o}ria Pacela
 and Maurizio Pierini and Jean-Roch Vlimant and Maria Spiropulu and Wei Wei and Matt Zhang
 and Sofia Vallecorsa",
 title          = "{Calorimetry with Deep Learning: Particle Classification, Energy Regression, and Simulation for High-Energy Physics}",
 journal      = "{Proceedings of the Deep Learning for Physical Sciences Workshop at NIPS (2017)}",
 year           = "2017",
 url            = "{https://dl4physicalsciences.github.io/files/nips_dlps_2017_15.pdf}"
}

% December 8, 2017
@conference{Paganini:DLPS2017,
 author         = "Paganini, Michela and de Oliveira, Luke and Nachman,
 Benjamin",
 title          = "{Survey of Machine Learning Techniques for High Energy Electromagnetic Shower Classification}",
 journal      = "{Proceedings of the Deep Learning for Physical Sciences Workshop at NIPS (2017)}",
 year           = "2017",
 url            = "{https://dl4physicalsciences.github.io/files/nips_dlps_2017_24.pdf}"
}

% December 8, 2017
@conference{Oliveira:DLPS2017,
 author         = "de Oliveira, Luke and Paganini, Michela and Nachman, Benjamin",
 title          = "{Tips and Tricks for Training GANs with Physics Constraints}",
 journal      = "{Proceedings of the Deep Learning for Physical Sciences Workshop at NIPS (2017)}",
 year           = "2017",
 url            = "{https://dl4physicalsciences.github.io/files/nips_dlps_2017_26.pdf}"
}

% December 8, 2017
@conference{Farrell:DLPS2017,
 author         = "Steven Farrell and Paolo Calafiura and Mayur Mudigonda and Prabhat
 and Dustin Anderson and Josh Bendavid and Maria Spiropoulou and Jean-Roch Vlimant
 and Stephan Zheng and Giuseppe Cerati and Lindsey Gray and Jim Kowalkowski
 and Panagiotis Spentzouris and Aristeidis Tsaris and Daniel Zurawski",
 title          = "{Particle Track Reconstruction with Deep Learning}",
 journal      = "{Proceedings of the Deep Learning for Physical Sciences Workshop at NIPS (2017)}",
 year           = "2017",
 url            = "{https://dl4physicalsciences.github.io/files/nips_dlps_2017_28.pdf}"
}

% December 8, 2017
@conference{Henrion:DLPS2017,
 author         = "Isaac Henrion and Kyle Cranmer and Joan Bruna and Kyunghyun Cho
 and Johann Brehmer and Gilles Louppe and Gaspar Rochette",
 title          = "{Neural Message Passing for Jet Physics}",
 journal      = "{Proceedings of the Deep Learning for Physical Sciences Workshop at NIPS (2017)}",
 year           = "2017",
 url            = "{https://dl4physicalsciences.github.io/files/nips_dlps_2017_29.pdf}"
}

% November 7, 2017
@article{Cheng:2017rdo,
 author         = "Cheng, Taoli",
 title          = "{Recursive Neural Networks in Quark/Gluon Tagging}",
 year           = "2017",
 eprint         = "1711.02633",
 archivePrefix  = "arXiv",
 primaryClass   = "hep-ph",
 SLACcitation   = "%%CITATION = ARXIV:1711.02633;%%"
}

% September 28, 2017
@article{Chang:2017kvc,
  author         = "Chang, Spencer and Cohen, Timothy and Ostdiek, Bryan",
  title          = "{What is the Machine Learning?}",
  journal        = "Phys. Rev.",
  volume         = "D97",
  year           = "2018",
  number         = "5",
  pages          = "056009",
  doi            = "10.1103/PhysRevD.97.056009",
  eprint         = "1709.10106",
  archivePrefix  = "arXiv",
  primaryClass   = "hep-ph",
  SLACcitation   = "%%CITATION = ARXIV:1709.10106;%%"
}

% September 17, 2017
@article{Frate:2017mai,
 author         = "Frate, Meghan and Cranmer, Kyle and Kalia, Saarik and
 Vandenberg-Rodes, Alexander and Whiteson, Daniel",
 title          = "{Modeling Smooth Backgrounds and Generic Localized Signals with Gaussian Processes}",
 year           = "2017",
 eprint         = "1709.05681",
 archivePrefix  = "arXiv",
 primaryClass   = "physics.data-an",
 SLACcitation   = "%%CITATION = ARXIV:1709.05681;%%"
}

% August 9, 2017
@article{Metodiev:2017vrx,
    author = "Metodiev, Eric M. and Nachman, Benjamin and Thaler, Jesse",
    title = "{Classification without labels: Learning from mixed samples in high energy physics}",
    eprint = "1708.02949",
    archivePrefix = "arXiv",
    primaryClass = "hep-ph",
    reportNumber = "MIT--CTP-4922",
    doi = "10.1007/JHEP10(2017)174",
    journal = "JHEP",
    volume = "10",
    pages = "174",
    year = "2017"
}

% June 30, 2017
@article{Bendavid:2017zhk,
 author         = "Bendavid, Joshua",
 title          = "{Efficient Monte Carlo Integration Using Boosted Decision
 Trees and Generative Deep Neural Networks}",
 year           = "2017",
 eprint         = "1707.00028",
 archivePrefix  = "arXiv",
 primaryClass   = "hep-ph",
}

% June 28, 2017
@article{Cohen:2017exh,
 author         = "Cohen, Timothy and Freytsis, Marat and Ostdiek, Bryan",
 title          = "{(Machine) Learning to Do More with Less}",
 year           = "2017",
 eprint         = "1706.09451",
 archivePrefix  = "arXiv",
 primaryClass   = "hep-ph",
}

% May 5, 2017
@article{Paganini:2017hrr,
    author = "Paganini, Michela and de Oliveira, Luke and Nachman, Benjamin",
    title = "{Accelerating Science with Generative Adversarial Networks: An Application to 3D Particle Showers in Multilayer Calorimeters}",
    eprint = "1705.02355",
    archivePrefix = "arXiv",
    primaryClass = "hep-ex",
    doi = "10.1103/PhysRevLett.120.042003",
    journal = "Phys. Rev. Lett.",
    volume = "120",
    number = "4",
    pages = "042003",
    year = "2018"
}

% April 24, 2017
@article{Caron:2017hku,
 author = {Caron, Sascha and Kim, Jong Soo and Rolbiecki, Krzysztof and de Austri, Roberto Ruiz and Stienen, Bob},
 doi = {10.1140/epjc/s10052-017-4814-9},
 issn = {1434-6052},
 journal = {The European Physical Journal C},
 number = {4},
 pages = {257},
 title = "{The BSM-AI project: SUSY-AI--generalizing LHC limits on supersymmetry with machine learning}",
 url = {http://dx.doi.org/10.1140/epjc/s10052-017-4814-9},
 volume = {77},
 year = {2017},
 bdsk-url-1 = {http://dx.doi.org/10.1140/epjc/s10052-017-4814-9}
}

% March 9, 2017
@article{Shimmin:2017mfk,
 author         = "Shimmin, Chase and Sadowski, Peter and Baldi, Pierre and
 Weik, Edison and Whiteson, Daniel and Goul, Edward and
 Søgaard, Andreas",
 title          = "{Decorrelated Jet Substructure Tagging using Adversarial Neural Networks}",
 year           = "2017",
 eprint         = "1703.03507",
 archivePrefix  = "arXiv",
 primaryClass   = "hep-ex",
}

% February 2, 2017
@article{Louppe:2017ipp,
 author         = "Louppe, Gilles and Cho, Kyunghyun and Becot, Cyril and
 Cranmer, Kyle",
 title          = "{QCD-Aware Recursive Neural Networks for Jet Physics}",
 year           = "2017",
 eprint         = "1702.00748",
 archivePrefix  = "arXiv",
 primaryClass   = "hep-ph",
}

% February 1, 2017
@article{Dery:2017fap,
 author         = "Dery, Lucio Mwinmaarong and Nachman, Benjamin and Rubbo,
 Francesco and Schwartzman, Ariel",
 title          = "{Weakly Supervised Classification in High Energy Physics}",
 journal        = "JHEP",
 volume         = "05",
 year           = "2017",
 pages          = "145",
 doi            = "10.1007/JHEP05(2017)145",
 eprint         = "1702.00414",
 archivePrefix  = "arXiv",
 primaryClass   = "hep-ph",
}

% January 20, 2017
@article{deOliveira:2017pjk,
 author         = "de Oliveira, Luke and Paganini, Michela and Nachman,
 Benjamin",
 title          = "{Learning Particle Physics by Example: Location-Aware Generative Adversarial Networks for Physics Synthesis}",
 year           = "2017",
 eprint         = "1701.05927",
 archivePrefix  = "arXiv",
 primaryClass   = "stat.ML",
}

% December 13, 2016
@article{Pang:2016vdc,
 author         = "Pang, Long-Gang and Zhou, Kai and Su, Nan and Petersen,
 Hannah and Stöcker, Horst and Wang, Xin-Nian",
 title          = "{An EoS-meter of QCD transition from deep learning}",
 year           = "2016",
 eprint         = "1612.04262",
 archivePrefix  = "arXiv",
 primaryClass   = "hep-ph",
}

% December 5, 2016
@article{Komiske:2016rsd,
 author         = "Komiske, Patrick T. and Metodiev, Eric M. and Schwartz,
 Matthew D.",
 title          = "{Deep learning in color: towards automated quark/gluon
 jet discrimination}",
 journal        = "JHEP",
 volume         = "01",
 year           = "2017",
 pages          = "110",
 doi            = "10.1007/JHEP01(2017)110",
 eprint         = "1612.01551",
 archivePrefix  = "arXiv",
 primaryClass   = "hep-ph",
 reportNumber   = "MIT-CTP-4866",
}

% November 16, 2016
@article{Acciarri:2016ryt,
 author         = "Acciarri, R. and others",
 title          = "{Convolutional Neural Networks Applied to Neutrino Events in a Liquid Argon Time Projection Chamber}",
 collaboration  = "MicroBooNE",
 journal        = "JINST",
 volume         = "12",
 year           = "2017",
 number         = "03",
 pages          = "P03011",
 doi            = "10.1088/1748-0221/12/03/P03011",
 eprint         = "1611.05531",
 archivePrefix  = "arXiv",
 primaryClass   = "physics.ins-det",
 reportNumber   = "FERMILAB-PUB-16-538-ND",
}

% November 8, 2016
@article{Bertone:2016mdy,
 author         = "Bertone, Gianfranco and Deisenroth, Marc Peter and Kim,
 Jong Soo and Liem, Sebastian and Ruiz de Austri, Roberto
 and Welling, Max",
 title          = "{Accelerating the BSM interpretation of LHC data with machine learning}",
 year           = "2016",
 eprint         = "1611.02704",
 archivePrefix  = "arXiv",
 primaryClass   = "hep-ph",
}

% November 3, 2016
@article{Louppe:2016ylz,
 author         = "Louppe, Gilles and Kagan, Michael and Cranmer, Kyle",
 title          = "{Learning to Pivot with Adversarial Networks}",
 year           = "2016",
 eprint         = "1611.01046",
 archivePrefix  = "arXiv",
 primaryClass   = "stat.ME",
}

% September 2, 2016
@article{Barnard:2016qma,
 author         = "Barnard, James and Dawe, Edmund Noel and Dolan, Matthew
 J. and Rajcic, Nina",
 title          = "{Parton Shower Uncertainties in Jet Substructure Analyses with Deep Neural Networks}",
 journal        = "Phys. Rev.",
 volume         = "D95",
 year           = "2017",
 number         = "1",
 pages          = "014018",
 doi            = "10.1103/PhysRevD.95.014018",
 eprint         = "1609.00607",
 archivePrefix  = "arXiv",
 primaryClass   = "hep-ph",
}

% August 20, 2016
@article{Rogozhnikov:2016bdp,
 author         = "Rogozhnikov, A.",
 title          = "{Reweighting with Boosted Decision Trees}",
 journal      = "{Proceedings, 17th International Workshop on Advanced
  Computing and Analysis Techniques in Physics Research
 (ACAT 2016): Valparaiso, Chile, January 18-22, 2016}",
 journal        = "J. Phys. Conf. Ser.",
 volume         = "762",
 year           = "2016",
 number         = "1",
 pages          = "012036",
 doi            = "10.1088/1742-6596/762/1/012036",
 eprint         = "1608.05806",
 archivePrefix  = "arXiv",
 primaryClass   = "physics.data-an",
 SLACcitation   = "%%CITATION = ARXIV:1608.05806;%%"
}

% July 28, 2016
@article{Guest:2016iqz,
      author         = "Guest, Daniel and Collado, Julian and Baldi, Pierre and
                        Hsu, Shih-Chieh and Urban, Gregor and Whiteson, Daniel",
      title          = "{Jet Flavor Classification in High-Energy Physics with Deep Neural Networks}",
      journal        = "Phys. Rev.",
      volume         = "D94",
      year           = "2016",
      number         = "11",
      pages          = "112002",
      doi            = "10.1103/PhysRevD.94.112002",
      eprint         = "1607.08633",
      archivePrefix  = "arXiv",
      primaryClass   = "hep-ex",
      SLACcitation   = "%%CITATION = ARXIV:1607.08633;%%"
}

% April 5, 2016
@article{Aurisano:2016jvx,
 author         = "Aurisano, A. and Radovic, A. and Rocco, D. and Himmel, A.
 and Messier, M. D. and Niner, E. and Pawloski, G. and
 Psihas, F. and Sousa, A. and Vahle, P.",
 title          = "{A Convolutional Neural Network Neutrino Event Classifier}",
 journal        = "JINST",
 volume         = "11",
 year           = "2016",
 number         = "09",
 pages          = "P09001",
 doi            = "10.1088/1748-0221/11/09/P09001",
 eprint         = "1604.01444",
 archivePrefix  = "arXiv",
 primaryClass   = "hep-ex",
 reportNumber   = "FERMILAB-PUB-16-082-ND",
}

% January 28, 2016
@article{Baldi:2016fzo,
 author         = "Baldi, Pierre and Cranmer, Kyle and Faucett, Taylor and
 Sadowski, Peter and Whiteson, Daniel",
 title          = "{Parameterized neural networks for high-energy physics}",
 journal        = "Eur. Phys. J.",
 volume         = "C76",
 year           = "2016",
 number         = "5",
 pages          = "235",
 doi            = "10.1140/epjc/s10052-016-4099-4",
 eprint         = "1601.07913",
 archivePrefix  = "arXiv",
 primaryClass   = "hep-ex",
 SLACcitation   = "%%CITATION = ARXIV:1601.07913;%%"
}

% November 16, 2015
@article{deOliveira:2015xxd,
 author         = "de Oliveira, Luke and Kagan, Michael and Mackey, Lester
 and Nachman, Benjamin and Schwartzman, Ariel",
 title          = "{Jet-images — deep learning edition}",
 journal        = "JHEP",
 volume         = "07",
 year           = "2016",
 pages          = "069",
 doi            = "10.1007/JHEP07(2016)069",
 eprint         = "1511.05190",
 archivePrefix  = "arXiv",
 primaryClass   = "hep-ph",
}

@article{Almeida:2015jua,
    author = "Almeida, Leandro G. and Backovi\'c, Mihailo and Cliche, Mathieu and Lee, Seung J. and Perelstein, Maxim",
    title = "{Playing Tag with ANN: Boosted Top Identification with Pattern Recognition}",
    eprint = "1501.05968",
    archivePrefix = "arXiv",
    primaryClass = "hep-ph",
    reportNumber = "CP3-15-01",
    doi = "10.1007/JHEP07(2015)086",
    journal = "JHEP",
    volume = "07",
    pages = "086",
    year = "2015"
}

% October 15, 2014
@article{Rogozhnikov:2014zea,
 author         = "Rogozhnikov, Alex and Bukva, Aleksandar and Gligorov, V.
 V. and Ustyuzhanin, Andrey and Williams, Mike",
 title          = "{New approaches for boosting to uniformity}",
 journal        = "JINST",
 volume         = "10",
 year           = "2015",
 number         = "03",
 pages          = "T03002",
 doi            = "10.1088/1748-0221/10/03/T03002",
 eprint         = "1410.4140",
 archivePrefix  = "arXiv",
 primaryClass   = "hep-ex",
 SLACcitation   = "%%CITATION = ARXIV:1410.4140;%%"
}

% February 19, 2014
@article{Baldi:2014kfa,
 author         = "Baldi, Pierre and Sadowski, Peter and Whiteson, Daniel",
 title          = "{Searching for Exotic Particles in High-Energy Physics with Deep Learning}",
 journal        = "Nature Commun.",
 volume         = "5",
 year           = "2014",
 pages          = "4308",
 doi            = "10.1038/ncomms5308",
 eprint         = "1402.4735",
 archivePrefix  = "arXiv",
 primaryClass   = "hep-ph",
}

% May 30, 2013
@article{Stevens:2013dya,
 author         = "Stevens, Justin and Williams, Mike",
 title          = "{uBoost: A boosting method for producing uniform selection efficiencies from multivariate classifiers}",
 journal        = "JINST",
 volume         = "8",
 year           = "2013",
 pages          = "P12013",
 doi            = "10.1088/1748-0221/8/12/P12013",
 eprint         = "1305.7248",
 archivePrefix  = "arXiv",
 primaryClass   = "nucl-ex",
 SLACcitation   = "%%CITATION = ARXIV:1305.7248;%%"
}

% October 25, 2012
@article{Gligorov:2012qt,
 author         = "Gligorov, V. V. and Williams, Mike",
 title          = "{Efficient, reliable and fast high-level triggering using a bonsai boosted decision tree}",
 journal        = "JINST",
 volume         = "8",
 year           = "2013",
 pages          = "P02013",
 doi            = "10.1088/1748-0221/8/02/P02013",
 eprint         = "1210.6861",
 archivePrefix  = "arXiv",
 primaryClass   = "physics.ins-det",
 SLACcitation   = "%%CITATION = ARXIV:1210.6861;%%"
}

% September 20, 1987
@article{Denby:1987rk,
 author         = "Denby, Bruce H.",
 title          = "{Neural Networks and Cellular Automata in Experimental High-energy Physics}",
 journal        = "Comput. Phys. Commun.",
 volume         = "49",
 year           = "1988",
 pages          = "429-448",
 doi            = "10.1016/0010-4655(88)90004-5",
 reportNumber   = "LAL-87-56"
}

@misc{hepmllivingreview,
	Author = "{HEP ML Community}",
	title = "{A Living Review of Machine Learning for Particle Physics}",
	url={https://iml-wg.github.io/HEPML-LivingReview/}
}

@article{dummy,
}
